=LDR  02091ncm a22002177a 4500
=001  21459
=008  230330s2009\\\\|||||l||\||||\00|\0\eng\d
=024  \\$a9790215316393
=041  \\$aeng
=100  1\$4cmp$aMuffat, Gottlieb$d1690-1770$1http://www.wikidata.org/entity/Q695396$925982
=245  \\$aComponimenti musicali (1739):$bfor Harpsichord
=260  \\$aBologna$bUt Orpheus$c2009
=300  \\$axviii-145  pages
=520  \\$aWith no affectation or false modesty, Gottlieb Muffat described the 1739 publication of his Componimenti musicali per il cembalo as 'the most beautiful product to be met with in all Germany'. It was patently one of the most lavish and cosmopolitan productions of all 18th-century music printing; with paper of large format and high quality, an extravagant title-page, meticulous and calligraphic engraving, prefaces in several languages and a dedication to the Holy Roman Emperor, Muffat aimed to set it apart from other volumes of keyboard music of this period such as Couperin's Pièces de Clavecin or Bach's Klavierübung, and also from his earlier collection of versetts and toccatas aimed at the professional church musician (72 Versetl sammt 12 Toccaten, Vienna, 1726). The Componimenti represent a polished selection from his secular keyboard music and the publication was directed at the royal household. His title-page proudly announces that he was not only Organista di Corte e Camera (i.e. in public and private) to the Emperor, but also Maestro di Cembalo to the two arch-duchesses, Maria Theresa and her sister Maria Anna.
=648  \0$a18th Century (1701-1800)$1http://www.wikidata.org/entity/Q7015$920899
=650  \0$aKeyboard music$1http://www.wikidata.org/entity/Q105715630$921412
=650  \0$aHarpsichord$1http://www.wikidata.org/entity/Q81982$92125
=700  \\$4edt$4win$aHogwood, Christopher$d1941-2014$1http://www.wikidata.org/entity/Q435198$918287
=942  \\$cSCO
=952  \\$00$10$2ddc$40$6SCO_MUFF$70$8SCO$922597$aORPH$bORPH$cKTS1_P$d2023-03-10$l1$oSCO MUFF$p20140361$q2023-09-25$r2023-03-31 00:00:00$s2023-03-31$w2023-03-30$ySCO
=999  \\$d21459

