=LDR  01905nam a2200205 a 4500
=001  21461
=008  060524s2003\\\\be\\\\\|r\\\\|000\||eng|d
=020  \\$a9044113941
=041  \\$aeng
=245  00$aRethinking Disability:$bThe Emergence of New Definitions, Concepts and Communities
=260  \\$aAntwerp$bGarant$c2003
=300  \\$a210 pages
=520  \\$aThis book provides an interdisciplinary approach to the challenges of the interface between disability & culture. Twelve papers discuss the following topics: Towards a cultural model of disability. Disability Values, Representations & Realities. Labeling in the Name of Equality: Political & Social Realities in the Schooling of Disabled Students. Understanding Disabilities-the Emergence of Our Understanding of Sameness. Can Disability Be Thought of in Terms of Difference? The Disability Studies Paradigm. Examining the Fit Between Deafness & Disability. Winks, Blinks, Squints & Twitches-Looking for Disability & Culture Through My Son's Left Eye. The Common Agenda of Aging & Disabilities-Stalemate or Progress. From "Idiot" to "Person with Mental Retardation"-Defining Difference in an Effort to Dissolve It. Virtual Support Groups-An Ethnographic Interpretation.

Patrick Devlieger is Assistant Professor at the University of Illinois' Department of Disability, as well as Associate Professor at the Department of Social & Cultural Anthropology, University of Leuven (Belgium).
=650  \0$aRemedial education$1http://www.wikidata.org/entity/Q7311597$925984
=700  1\$aDevlieger, Patrick$4edt$1http://www.wikidata.org/entity/Q92177704$925985
=700  1\$aRusch, Frank R.$4edt$1http://www.wikidata.org/entity/Q16251814$925986
=700  1\$aPfeiffer, David$4edt$925987$d1934-
=942  \\$cBOO
=952  \\$00$10$2ddc$40$70$922600$aORPH$bORPH$cKM12_1$d2023-03-22$l1$p20140362$q2023-09-25$r2023-03-31 00:00:00$s2023-03-31$w2023-03-30$yBOO
=999  \\$d21461

