=LDR  00965cam a2200229 i 4500
=001  21465
=005  20250925143310.0
=008  750811s1975\\\\gw\\\\\\\\\\\\000\0\ger\\
=020  \\$a3492021263
=041  \\$aeng
=100  \\$aKagel, Mauricio$d1931-2008$4aut$1http://www.wikidata.org/entity/Q178293$916378
=245  10$aTamtam:$bMonologe und Dialoge zur Musik
=260  \\$aMünchen$bPiper$c1975
=300  \\$a194 pages
=648  \0$a20th Century (1901-2000)$1http://www.wikidata.org/entity/Q6927$920936
=650  \0$aMusic history$1http://www.wikidata.org/entity/Q846047$921373
=650  \0$aMusic criticism$1http://www.wikidata.org/entity/Q11748889$921598
=650  \0$aInterview$1http://www.wikidata.org/entity/Q178651$924895
=700  \\$4edt$925991$aSchmidt, Kagel
=942  \\$cBOO
=952  \\$00$10$2ddc$40$6BIO_KAGE_B$70$8BIO$922604$aORPH$bORPH$cKTS1_P$d2023-03-24$l1$oBIO KAGE b$p20140363$q2023-09-25$r2023-03-31 00:00:00$s2023-03-31$w2023-03-30$yBOO
=999  \\$d21465

