=LDR  01109ncm a22002417a 4500
=001  21470
=005  20250925143310.0
=008  210628s1975\\\\\\\||l||\||||\00|\0\ger\d
=041  \\$ager
=100  \\$4cmp$aKagel, Mauricio$d1931-2008$1http://www.wikidata.org/entity/Q178293$916378
=245  \\$aMusi:$bfür Zupforchester (1971)
=260  \\$aLondon$bUniversal$c1975
=300  \\$a[ii]-13 pages
=648  \0$a20th Century (1901-2000)$1http://www.wikidata.org/entity/Q6927$920936
=650  \0$aInstrumental music$1http://www.wikidata.org/entity/Q639197$92106
=650  \0$aPlucked string instrument$1http://www.wikidata.org/entity/Q230262$921883
=650  \0$aMandolin$1http://www.wikidata.org/entity/Q302497$922844
=650  \0$aGuitar$1http://www.wikidata.org/entity/Q6607$921152
=650  \0$aCello$1http://www.wikidata.org/entity/Q8371$92688
=650  \0$aDouble bass$1http://www.wikidata.org/entity/Q80019$921734
=942  \\$cSCO
=952  \\$00$10$2ddc$40$6SCO_KAGE$70$8SCO$922608$aORPH$bORPH$cKTS1_P$d2023-03-28$l1$oSCO KAGE$p20140365$q2023-09-25$r2023-03-31 00:00:00$s2023-03-31$w2023-03-30$ySCO
=999  \\$d21470

