=LDR  01478acm a2200217   4500
=001  21479
=008  230331b\\\\\\\\|||||l||\||||\00|\0\dut\d
=041  \\$adut
=059  \\$aorg
=100  1\$aCallaerts, Joseph$d1838-1901$4cmp$1http://www.wikidata.org/entity/Q2327733$926013
=245  \\$aAndante voor het Orgel zonder pedaal
=260  \\$aFraneker$bKoksma$cs.d.
=300  \\$a4 pages
=490  \\$vno. 99
=501  \\$aBound in with Christian Heinrich Rinck’s ‘12 Orgelstücke op. 8’, ‘12 Orgelstücke op. 12’, ‘12 leichte Orgel-Präludien op. 52’, ‘12 Choralvorspiele’, Julius André’s ‘Sechs Vor- und Nachspiele verschiedenen Characters für die Orgel op. 15’, Willem Julien Lodewijk Merkes van Gendt’s ‘Fantaisie pour orgue ou harmonium op. 30’, a.o. Christian Heinrich Rinck’s ‘De practische organist vols. 1-2, Christian Heinrich Rinck’s 24 leichte Orgelpraeludien op. 65, a.o. Christian Heinrich Rinck’s ‘De practische organist vol. 3, Christian Heinrich Rinck’s ‘Practische Orgelschule op. 55 vols. II-IV & VI’
=648  \0$a19th Century (1801-1900)$1http://www.wikidata.org/entity/Q6955$920935
=650  \0$aOrgan music$1http://www.wikidata.org/entity/Q2003283$91951
=773  \\$021480$tPieces for Organ$w21480
=942  \\$cSCO
=952  \\$00$10$2ddc$40$6KTS_1_000000000000000_C3_02_08G43I$70$8RAR$922618$aORPH$bORPH$cKTS1_C3$d2023-04-03$eKoopman$l0$oKTS1 C3.02 08G43i$p20140382i$r2023-04-03 00:00:00$w2023-04-03$ySCO
=999  \\$d21479

