=LDR  01612nsm a22002057a 4500
=001  21480
=005  20250923161051.0
=008  230403b\\\\\\\\|||||l||\||||\00|\0\mul\d
=041  \\$adut$afre$ager
=245  \\$a[Pieces for Organ]
=246  \1$aOrgelwerken Rinck
=500  \\$aBrandts Buys or Brandts Buijs is a Dutch family consisting mainly of musicians.
=505  \\$g12 Orgelstücke. Op. 8 -- 12 Orgelstücke. Op. 12 -- 12 leichte Orgel-Präludien, Op. 52 -- 12 Choralvorspiele / Christian Heinrich Rinck -- Sechs Vor- und Nachspiele verschiedenen Characters für die Orgel op. 15 / Julius André -- Fantaisie pour orgue ou harmonium op. 30 / Willem Julien Lodewijk Merkes van Gendt -- De practische organist: verzameling van gemakkelijke voor- en naspelen: vols. 1-2 / Christian Heinrich Rinck a.o. -- 24 leichte Orgelpraeludien, Op. 65 / Christian Heinrich Rinck -- Andante voor het Orgel zonder pedaal / Joseph Callaerts -- De practische organist: verzameling van gemakkelijke voor- en naspelen: vol. 3 / Christian Heinrich Rinck a.o. -- Practische Orgelschule op. 55 vols. II-IV & VI / Christian Heinrich Rinck
=561  \\$aEx libris Hk. Timmer Gzn. (Plate) & supralibros Brands Buys (plate)
=648  \0$a19th Century (1801-1900)$1http://www.wikidata.org/entity/Q6955$920935
=650  \0$aOrgan music$1http://www.wikidata.org/entity/Q2003283$91951
=942  \\$cSCO
=952  \\$00$10$2ddc$40$6KTS_1_000000000000000_C3_02_08G43$70$8RAR$922619$aORPH$bORPH$cKTS1_C3$d2023-04-03$eKoopman$l0$oKTS1 C3.02 08G43$p20140382$r2023-04-03 00:00:00$w2023-04-03$ySCO
=999  \\$d21480
=533  \\$aDigitized by iGuana, Spring 2025.

