=LDR  01348njm a22002657a 4500
=001  21481
=005  20250925143310.0
=008  230404s1969\\\\||||||||\||||\00|\0\mul\d
=024  \\$2Discos Siglo Veinte$aJJ 015
=041  \\$aspa$aeng
=100  \\$4cmp$4prf$aKagel, Mauricio$d1931-2008$eBandoneon$1http://www.wikidata.org/entity/Q178293$916378
=245  \\$aPhantasie 1967; Antithese 1962; Montage 1967; Pandorasbox
=260  \\$a[Argentina]$bDiscos Siglo Veinte$c1969
=300  \\$aLP, stereo$bgatefold sleeve with booklet, 4 pages$c12"
=648  \0$a20th Century (1901-2000)$1http://www.wikidata.org/entity/Q6927$920936
=650  \0$aAvant-garde$1http://www.wikidata.org/entity/Q102932$921178
=650  \0$aOrgan music$1http://www.wikidata.org/entity/Q2003283$91951
=650  \0$aElectronic music$1http://www.wikidata.org/entity/Q9778$922014
=650  \0$aBandoneon$1http://www.wikidata.org/entity/Q215032$925724
=651  \0$aArgentina$1http://www.wikidata.org/entity/Q414$922372
=700  \\$4prf$aZacher, Gerd$eOrgan$1http://www.wikidata.org/entity/Q75679$917867
=700  \\$4win$aRomano, Jacobo$923684
=942  \\$cREC
=952  \\$00$10$2ddc$40$6REC_12_000000000000000_KAGE_1969$70$8REC$922621$aORPH$bORPH$cKM12_2_B$d2023-04-04$g300.00$l1$oREC 12 KAGE 1969$p20132092$q2023-09-29$r2023-04-04 00:00:00$s2023-04-04$w2023-04-04$yREC
=999  \\$d21481

