=LDR  01733nam a22002297a 4500
=001  21492
=008  230406s2023\\\\|||go|||\||||\00|\0bger\d
=020  \\$a9783890078090
=041  \\$ager
=100  \\$4aut$aHiekel, Jörn Peter$919175
=245  \\$aHelmut Lachenmann und seine Zeit
=260  \\$aLilienthal$bLaaber$c2023
=300  \\$a547 pages
=490  \\$aGroße Komponisten und ihre Zeit
=520  \\$aHelmut Lachenmann has long been one of the defining figures of contemporary music. His works are performed worldwide and their status is beyond question. The monograph 'Helmut Lachenmann und seine Zeit' shows, on the basis of detailed studies of sources and works, that the composer's path is consistent while at the same time the conceptions of his works that have emerged over the course of more than 60 years are borne by significant distinctions, new approaches and openness to change. Lachenmann's oeuvre, although it can be regarded with good reason as highly original, has many resonances and reflections of other compositional approaches as well as of various philosophical positions. And it conveys in an equally elementary and exemplary way what the idea of an existential experience of art can mean within the broad spectrum of today's overall culture.
=590  \\$aMit 19 Notenbeispielen und 24 Abbildungen
=600  \0$aLachenmann, Helmut$d1935-$1http://www.wikidata.org/entity/Q549442$916974
=650  \0$aComposer$1http://www.wikidata.org/entity/Q36834$93625
=650  \0$aBiography$1http://www.wikidata.org/entity/Q36279$91927
=942  \\$cBOO
=952  \\$00$10$2ddc$40$6BIO_LACH_D$70$8BIO$922633$aORPH$bORPH$cKTS1_P$d2023-04-05$l1$oBIO LACH d$p20140442$r2024-01-24 00:00:00$s2023-04-13$w2023-04-06$yBOO
=999  \\$d21492

