=LDR  01258ncm a22002537a 4500
=001  21494
=008  230419r19861775|||||le|\||||\00|\0\eng\d
=041  \\$aeng
=059  \\$aorg/hpd 2vn bc
=100  \\$1http://www.wikidata.org/entity/Q726286$4cmp$aStanley, John$d1712-1786$94965
=245  \\$aSix Concertos for Organ, Harpsichord or Fortepiano$bOp. 10
=260  \\$aOxford$bOxford University Press$c1986
=300  \\$a[xii]-46 pages
=500  \\$aFacsimile edition of the keyboard part only
=534  \\$cLondon: Stanley, 1775
=590  \\$aWith Accompanyments for two Violins and a Bass, Composed by John Stanely M.B. Organist to the Hon.ble Society of the Inner Temple & of St. Andrews Church Holborn. Opera X.
=648  \0$1http://www.wikidata.org/entity/Q7015$a18th Century (1701-1800)$920899
=650  \0$aOrgan$1http://www.wikidata.org/entity/Q1444$92810
=650  \0$aHarpsichord$1http://www.wikidata.org/entity/Q81982$92125
=651  \0$1http://www.wikidata.org/entity/Q84$aLondon (United Kingdom)$9123
=700  1\$4edt$4win$926069$aGifford, Gerald
=942  \\$cSCO
=952  \\$00$10$2ddc$40$6SCO_STAN$70$8SCO$922641$aORPH$bORPH$cKTS1_P$d2023-04-19$eKoopman$i13F31$l1$oSCO STAN$p20124367$r2023-10-05 00:00:00$s2023-04-19$w2023-04-19$ySCO
=999  \\$d21494

