=LDR  01462acm a2200253   4500
=001  21496
=008  210402s1787\\\\\\\||l||\||||\00|\p\ger\d
=041  \\$ager
=100  \\$1http://www.wikidata.org/entity/Q5627879$4cmp$aEgli, Johann Heinrich$d1742-1810$96284
=245  \\$aSchweizerlieder von verschiedenen Verfassern
=260  \\$aZürich$bBürkli$c1787
=300  \\$a[ii]-107-i pages$bengraved title page, small oblong with orange paper covers
=500  \\$aThis is the version with printed music, a nice edition with parts for the two or three voices on opposite pages so a small group can sing from one book together. 
=501  \\$aNice printed typographical embellishments, vignets, borders.  
=590  \\$aals ein zweiter Theil zu Hrn. Lavaters Schweitzerliedern. In Musick gesetzt von Joh. Heinrich Egli
=648  \0$a18th Century (1701-1800)$1http://www.wikidata.org/entity/Q7015$920899
=650  \0$aSong$1http://www.wikidata.org/entity/Q7366$94164
=650  \0$aDomestic music-making$926204
=650  \0$aAmateur$1http://www.wikidata.org/entity/Q455595$923222
=651  \0$aSwitzerland$1http://www.wikidata.org/entity/Q39$920954
=700  \\$4asn$aLavater, Johann Caspar$d1741-1801$1http://www.wikidata.org/entity/Q123918$97902
=942  \\$cSCO
=952  \\$00$10$2ddc$40$6KTS_1_000000000000000_C3_08_08G57$70$8RAR$922644$aORPH$bORPH$cKTS1_C3$d2023-04-19$eKoopman$i08G57$l0$oKTS1 C3.08 08G57$p20145175$r2023-04-19 00:00:00$w2023-04-19$ySCO
=999  \\$d21496

