=LDR  01934aam a2200229   4500
=001  21499
=005  20251001162314.0
=008  150925s2023\\\\\\\\\\\\\\\\\\\\\\0\eng\d
=020  \\$a9781108716864
=041  \\$aeng
=100  \\$aIddon, Martin$4edt$918216
=245  \\$aThe Cambridge Companion to Serialism
=260  \\$aCambridge$bCambridge University Press$c2023
=300  \\$axxi-416 pages
=520  \\$aWhat is serialism? Defended by enthusiastic champions and decried by horrified detractors, serialism was central to twentieth-century art music, but riven, too, by inherent contradictions. The term can be a synonym for dodecaphony, Arnold Schoenberg's 'method of composing with twelve tones which are related only to one another'. It can be more expansive, describing ways of composing systematically with parameters beyond pitch - duration, dynamic, and more - and can even stand as a sort of antonym to dodecaphony: 'Schoenberg is Dead', as Pierre Boulez once insisted. Stretched to its limits, it can describe approaches where sound can be divided into discrete parameters and later recombined to generate the new, the unexpected, beginning to blur into a further antonym, post-serialism. This Companion introduces and embraces serialism in all its dimensions and contradictions, from Schoenberg and Stravinsky to Stockhausen and Babbitt, and explores its variants and legacies in Europe, the Americas and Asia.
=650  \0$aSerialism$1http://www.wikidata.org/entity/Q507246$926086
=650  \0$aMusic history$1http://www.wikidata.org/entity/Q846047$921373
=650  \0$aMusic philosophy and aesthetics$1http://www.wikidata.org/entity/Q2092865$921165
=650  \0$aComposing$1http://www.wikidata.org/entity/Q92186587$93076
=942  \\$cBOO
=952  \\$00$10$2ddc$40$6GHM_7_000000000000000$70$8GEN$922647$aORPH$bORPH$cKM12_1$d2023-04-17$l1$oGHM7$p20145185$q2023-10-20$r2023-04-25 00:00:00$s2023-04-25$w2023-04-21$yBOO
=999  \\$d21499

