=LDR  01261cam a22002531  4500
=001  21501
=005  20251003085500.0
=008  771123s1970\\\\gw\ao\\\\\\\\\000\0\ger\\
=041  \\$ager
=110  2\$aMuseum am Ostwall (Dortmund, Germany)
=245  10$aSammlung Feelisch
=260  \\$aDortmund$bMuseum am Ostwall$c1970
=300  \\$a[88] pages
=500  \\$aSince 1968, Wolfgang Feelisch, a collector from the city of Remscheid, has been connected with the Museum Am Ostwall through exhibitions of his collection, works on permanent loan, acquisitions and donations.
=561  \\$aEx biblioteca Wittener Museen (stamp)
=600  10$aFeelisch, Wolfgang
=650  \0$1https://www.wikidata.org/wiki/Q219625$aFine art$1http://www.wikidata.org/entity/Q219625$921579
=650  \0$aPhotography$1http://www.wikidata.org/entity/Q11633$91982
=650  \0$aCatalogue$1http://www.wikidata.org/entity/Q2352616$921484
=650  \0$1https://www.wikidata.org/wiki/Q17955$aCrescendo$1http://www.wikidata.org/entity/Q2347888$922787
=651  \0$aDortmund (Germany)$926097
=942  \\$cBOO
=952  \\$00$10$2ddc$40$6BIO_FEEL_B$70$8BIO$922649$aORPH$bORPH$cKTS1_P$d2023-04-19$g18.00$l1$oBIO FEEL b$p20145187$q2023-10-20$r2023-04-25 00:00:00$s2023-04-25$w2023-04-21$yBOO
=999  \\$d21501

