=LDR  00885nam a2200241 a 4500
=001  21502
=005  20250925143310.0
=008  000710s1999\\\\fr\\\\\\r\\\\\000\0\fre\d
=020  \\$a207026999X
=040  \\$aOI
=041  \\$afre
=050  \4$aAZ101
=100  \\$aFoucault, Michel$d1926-1984$1http://www.wikidata.org/entity/Q44272$915787
=245  12$aL'archéologie du savoir
=260  \\$aParis$bGallimard$c1999
=300  \\$a275 pages
=490  0\$aBibliothèque des sciences humaines
=648  \0$1http://www.wikidata.org/entity/Q6927$a20th Century (1901-2000)$920936
=650  \0$aPhilosophy$1http://www.wikidata.org/entity/Q5891$92357
=651  \0$1http://www.wikidata.org/entity/Q142$aFrance$9131
=942  \\$cBOO
=952  \\$00$10$2ddc$40$6PHI_FOUC_A$70$8PHI$922650$aORPH$bORPH$cKM12_3_2$d2023-04-20$g8.00$l0$oPHI FOUC a$p20132104$r2023-04-24 00:00:00$w2023-04-24$yBOO
=999  \\$d21502

