=LDR  02367cam a22002777a 4500
=001  21511
=005  20250925143310.0
=008  171201s2018\\\\enka\\\\\b\\\\001\0\eng\d
=020  \\$a9780241343425$qhardcover
=020  \\$a0241343429$qhardcover
=041  \\$aeng
=100  1\$aVinen, Richard$1http://www.wikidata.org/entity/Q20020319$4aut$926100
=245  14$aThe Long '68:$bRadical Protest and its Enemies
=260  \\$aLondon$bAllen Lane$c2018
=300  \\$axvii-446 pages$billustrations
=504  \\$aIncludes bibliographical references (pages 355-378) and index.
=505  \\$aWords and 'the thing': defining 68 -- The 68 generation -- Universities -- The United States -- France -- West Germany -- Britain -- The revolution within the revolution: sexual liberation and the family -- Workers -- Violence -- Defeat and accommodations?
=520  \\$a1968 saw an extraordinary range of protests across much of the western world. Some of these were genuinely revolutionary - around ten million French workers went on strike and the whole state teetered on the brink of collapse. Others were more easily contained, but had profound longer-term implications - terrorist groups, feminist collectives, gay rights activists could all trace important roots to 1968. Bill Clinton and even Tony Blair are, in many ways, the product of that year.  The Long '68 is a striking and original attempt half a century on to show how these events, which in some ways still seem so current, stemmed from histories and societies which are in practice now extraordinarily remote from our own time. The book pursues the story into the 1970s to show both the ever more violent forms of radicalization that stemmed from 1968 and the brutal reaction that brought the era to an end.
=648  \0$1http://www.wikidata.org/entity/Q6927$a20th Century (1901-2000)$920936
=650  \0$aHistory$1http://www.wikidata.org/entity/Q309$921403
=650  \0$aPolitics$1http://www.wikidata.org/entity/Q7163$921826
=650  \0$aCrescendo$1https://www.wikidata.org/wiki/Q17955$1http://www.wikidata.org/entity/Q2347888$922787
=650  \0$aCuckoo$1https://www.wikidata.org/wiki/Q858517$1http://www.wikidata.org/entity/Q18845$922474
=942  \\$cBOO
=952  \\$00$10$2ddc$40$6HUM_VINE$70$8HUM$922665$aORPH$bORPH$cKM12_1$d2023-04-19$l0$oHUM VINE$p20145199$r2023-04-25 00:00:00$w2023-04-25$yBOO
=999  \\$d21511

