=LDR  02079cam a22003257i 4500
=001  21518
=005  20251001162235.0
=008  181012t20182018gw\a\\\\\b\\\\101\0\ger\d
=020  \\$a9783837642834
=041  \\$ager
=245  00$aKunst als gesellschaftskritisches Medium:$bwissenschaftliche und künstlerische Zugänge
=260  \\$aBielefeld$bTranscript$c2018
=300  \\$a331 pages$billustrations
=490  \\$aImage$v131
=500  \\$aProceedings of an interdisciplinary symposium held in June, 2017.
=504  \\$aIncludes bibliographical references and index.
=520  8\$a"Kunst als Projektionsfläche, Kunst als Ausdruck, Kunst als Gesellschaftskritik: Die Beitragenden dieses Bandes reflektieren unterschiedliche Dimensionen und Spannungslinien des Verhältnisses von Kunst und Kritik und untersuchen dabei das künstlerische Gestaltungs- und Inszenierungspotenzial aus interdisziplinärer Perspektive. Mit der Verflechtung von wissenschaftlichen Beiträgen und Kunstperformances erschliessen sie eine Bandbreite an unterschiedlichen Bedeutungszusammenhängen und Entwicklungsdynamiken von zentralen Diskursen der Kunstlandschaft unter Berücksichtigung u.a. architektonischer, philosophischer, kunsthistorischer, musikwissenschaftlicher und aktionistischer Aspekte"--Back cover.
=650  \0$aPhilosophy$1http://www.wikidata.org/entity/Q5891$92357
=650  \0$aAesthetics$1http://www.wikidata.org/entity/Q35986$921494
=650  \0$aArt criticism$1http://www.wikidata.org/entity/Q1143847$94637
=650  \0$aCultural history$1http://www.wikidata.org/entity/Q858517$922395
=650  \0$aPolitics$1http://www.wikidata.org/entity/Q7163$921826
=700  \\$aBstieler, Michaela$4edt$926135
=700  \\$aGanahl, Lena$4edt$926136
=700  \\$aHubmann, Elisabeth$4edt$926137
=700  \\$aPöttgen, Denise$4edt$926138
=700  \\$aSchletterer, Siljarosa$4edt$926139
=942  \\$cBOO
=952  \\$00$10$2ddc$40$6AES_BSTI$70$8AES$922676$aORPH$bORPH$cKM12_1$d2023-04-21$l1$oAES BSTI$p20145211$q2023-10-28$r2023-05-03 00:00:00$s2023-05-03$w2023-05-03$yBOO
=999  \\$d21518

