=LDR  03841nas a22003377a 4500
=001  21519
=005  20250925143310.0
=008  230503s1970\\\\||||||||\||||\00|\0\eng\d
=041  \\$aeng
=100  \\$4edt$926140$aBriers, David
=245  \\$aPages:$bInternational Magazine of the Arts
=260  \\$aBerkhamsted$bHRS Graphics$c1970
=300  \\$a35+39 pages$bmusic examples, illustrations
=490  \\$vNo. 1-2
=500  \\$a'Pages' published concrete poetry and artists' writings and projects by contributors such as Dieter Roth, Emmett Williams, Tom Phillips, Jochen Gerz, Richard Hamilton and Robert Filliou.
=500  \\$aEditor David Briers explained in issue 1: "The aim of Pages is to publicise the avant-garde, and by doing so to prove that it does not exist, except as a name. ... Pages will inform on the changing forms of art at the moment, most importantly those which are reproducible in as many copies as there exists a demand for them (one to millions), and whose price is directly related to the cost of their manufacture, and not only to the reputation of the artist. ... The specific intention of Pages is to inform, and not to worry about whether art is necessary, for as John Cage has pointed out, we should by now have disposed of the Germanic concept of doing only what is necessary." 
=500  \\$aRare copies; no. 1 does not include the postcard by Richard Hamilton, no. 2 contains the centre spread tear-out supplement: 'Perforation of the Hole', a composition by Mauricio Kagel
=500  \\$aOnly three numbers of this magazine were published, between 1970-1972
=505  \\$gNo. 1: Recent writings selected etc., by Emmett Williams / Diter Rot -- Cheese Pieces / Diter Rot -- Three pages from 'A Humument' / Tom Phillips -- Pieces for Performance: Ben - Jiri Valoch - Timm Ulrichs - Gianfranco Baruchello - Gianni-Emilio Simonetti - C. R. Ginzburg - Jochen Gerz - Mauricio Kagel/Joseph Beuys - Tom Phillips - Dom Sylvester Houedard: parameters & paramitas -- Three statements / Luigi Ferro -- 'Stripsody' / Eugenio Carmi -- Cadrages d'espace et cristaux / P. A. Gette -- Information -- Notes on contributors
=505  \\$gNo. 2: Reflections on'Strategy: Get Arts' plus an anthology of reaction from the press / Richard Demarco -- Recent Czech activity: Milan Grygar, In memoriam Josef Honys, Jaroslav Malina, Jiri Valoch. Jindrich Prochazka -- Scores: John Furival, Cornelius Cardew, Tom Philips, Christopher Hobbs/Howard Skempton, Hugh Shrapnel, Michael Chant/John Tilbury -- Art In everyday life: Timm Ulrichs/Ian Breakwell, Robert Filliou, Alain Arias-Misson, Paul Berry, Amodulo-Art, Achille Bonito Oliva/Jean Claude Moineau/Nicolas Zurbrugg -- Information: Letters/Errata/Notes on contributors -- Towards the Death of Cocrete Poetry / Nicolas Zurbrugg -- Time magazine Art Page -- Centre spread tear-out supplement: Perforation of the Hole', a composition by Maurizio Kagel
=648  \0$1http://www.wikidata.org/entity/Q6927$a20th Century (1901-2000)$920936
=650  \0$1http://www.wikidata.org/entity/Q219625$aFine art$921579
=650  \0$1http://www.wikidata.org/entity/Q213156$aPerformance art$922164
=650  \0$1http://www.wikidata.org/entity/Q102932$aAvant-garde$921178
=650  \0$1http://www.wikidata.org/entity/Q482$aPoetry$93026
=650  \0$1http://www.wikidata.org/entity/Q846047$aMusic history$921373
=651  \0$1http://www.wikidata.org/entity/Q21$aUnited Kingdom$9273
=942  \\$cBOO
=952  \\$00$10$2ddc$3No. 1$40$6KTS_1_000000000000000_H_07_001$70$8RAR$922677$aORPH$bORPH$cKTS1_H$d2023-04-21$l1$oKTS1 H.07.001$p20145210$r2024-03-07 00:00:00$s2023-05-03$w2023-05-03$yBOO
=952  \\$00$10$2ddc$3No. 2$40$6KTS_1_000000000000000_H_07_002$70$8RAR$922728$aORPH$bORPH$cKTS1_H$d2023-04-21$l1$oKTS1 H.07.002$p20145319$r2024-03-07 00:00:00$s2023-05-17$w2023-05-03$yBOO
=999  \\$d21519

