=LDR  00844ncm a22002057a 4500
=001  21536
=005  20250925143310.0
=008  210628s1971\\\\\\\||a||\||||\00|\0\ger\d
=020  \\$a9783702404901
=041  \\$ager
=100  \\$4cmp$aKagel, Mauricio$d1931-2008$1http://www.wikidata.org/entity/Q178293$916378
=245  \\$aDie Mutation:$bfür Männerchor und obligates Klavier
=260  \\$aLondon$bUniversal$c1971
=300  \\$a[ii]-33 pages
=648  \0$a20th Century (1901-2000)$1http://www.wikidata.org/entity/Q6927$920936
=650  \0$aChoir$1http://www.wikidata.org/entity/Q131186$93338
=650  \0$aPiano$1http://www.wikidata.org/entity/Q5994$92127
=942  \\$cSCO
=952  \\$00$10$2ddc$40$6SCO_KAGE$70$8SCO$922729$aORPH$bORPH$cKTS1_P$d2023-05-17$l1$oSCO KAGE$p20145320$q2023-11-11$r2023-05-17 00:00:00$s2023-05-17$w2023-05-17$ySCO
=999  \\$d21536

