=LDR  02351pam a2200265 a 4500
=001  21537
=008  941201s1995\\\\nyuo\\\\\b\\\\001\0\eng\\
=020  \\$a9780801431036
=041  \\$aeng
=100  1\$aLord, Albert Bates$1http://www.wikidata.org/entity/Q762270$4aut$926195
=245  14$aThe Singer Resumes the Tale
=260  \\$aIthaca$aLondon$bCornell University Press$c1995
=300  \\$axiii-258 pages
=490  \\$aMyth and Poetics
=504  \\$aIncludes bibliographical references (p. 239-252) and index.
=520  \\$aEdited by Mary Louise Lord after the author’s death, The Singer Resumes the Tale focuses on the performance of stories and poems within settings that range from ancient Greek palaces to Latvian villages. Lord expounds and develops his approach to oral literature in this book, responds systematically for the first time to criticisms of oral theory, and extends his methods to the analysis of lyric poems. He also considers the implications of the transitional text—a work made up of both oral and literary components. 

Elements of the oral tradition—the practice of storytelling in prose or verse, the art of composing and transmitting songs, the content of these texts, the kinds of songs composed, and the poetics of oral literature—are discussed in the light of several traditions, beginning in the ancient world, through the Middle Ages, to the present. Throughout, the central figure is always the singer. Homer, the Beowulf poet, women who perform lyric songs, tellers of folktales, singers of such ballads as “Barbara Allen,” bards of the Balkans: all play prominent roles in Lord’s book, as they have played central roles in the creation of this fundamental literature.
=650  \0$aFolklore$1http://www.wikidata.org/entity/Q36192$94595
=650  \0$aPoetry$1http://www.wikidata.org/entity/Q482$93026
=650  \0$aSong$1http://www.wikidata.org/entity/Q7366$94164
=650  \0$aCultural history$1http://www.wikidata.org/entity/Q858517$922395
=650  \0$aPhilology$1http://www.wikidata.org/entity/Q40634$925506
=700  1\$aLord, Mary Louise$d1916-2009$1http://www.wikidata.org/entity/Q112451271$4edt$926194
=942  \\$cBOO
=952  \\$00$10$2ddc$40$6LIT_LORD_B$70$8LIT$922730$aORPH$bORPH$cKM12_2_H$d2023-04-26$l1$oLIT LORD b$p20145321$r2024-03-07 00:00:00$s2023-05-17$w2023-05-17$yBOO
=999  \\$d21537

