=LDR  02232cam a22002298i 4500
=001  21538
=005  20251017125800.0
=008  220715s2023\\\\ilua\\\\\b\\\\001\0\eng\\
=020  \\$a9780226825328
=041  \\$aeng
=100  \\$aRheinberger, Hans-Jörg$4aut$916709
=245  10$aSplit and Splice:$bA Phenomenology of Experimentation
=260  \\$aChicago, IL$aLondon$bUniversity of Chicago Press$c2023
=300  \\$aviii-235 pages$billustrations
=504  \\$aIncludes bibliographical references and index.
=505  0\$gInfra-experimentality: Traces ; Models ; Making visible ; Grafting ; Protocols -- Supra-experimentality: Shapes of time ; Experimental cultures ; Knowing and narrating ; Thinking wild ; Eulogy of the fragment -- Postscript
=520  \\$a"Esteemed historian and philosopher of science Hans-Jörg Rheinberger explores the incredible diversity of scientific experimentation in his new book, which extends his ground-breaking epistemological studies of the life sciences and the experimental practices that have made them so productive. Rheinberger explores the materiality of experiment, of its objects and instruments, the construction of models, and myriad ways of making things visible. The first part of the book is devoted to the circumstances and conditions that give the process of experimentation its structural cachet and make it a device from which novelty can emerge. Then, in the second part, Rheinberger focuses on the relations that experimental systems develop among each other, specifically their characteristic temporal, spatial, and narrative dimensions. The concepts that guide his investigation emerge through accessible examples, most of which are drawn from molecular biology, including from the author's own laboratory notebooks from his years researching ribosomes. This is a tour de force by one of today's most influential theorists of scientific practice"
=650  \0$aScience$1http://www.wikidata.org/entity/Q7991$921650
=650  \0$aPhilosophy$1http://www.wikidata.org/entity/Q5891$92357
=942  \\$cBOO
=952  \\$00$10$2ddc$40$6SCI_RHEI$70$8SCI$922731$aORPH$bORPH$cKM12_1$d2023-05-10$l1$m1$oSCI RHEI$p20145322$q2024-05-08$r2023-05-17 00:00:00$s2023-05-17$w2023-05-17$yBOO
=999  \\$d21538

