=LDR  01321nsm a22001817a 4500
=001  21539
=005  20250923161051.0
=008  230523b\\\\\\\\|||||l||\||||\00|\0\fre\d
=041  \\$afre
=245  \\$a[Collection of early 19th century French vocal music]
=505  \\$gLe barde écossais / C.H. Plantade – Giusto Ciel! del mio tormento. Duo de Romeo et Juliette / Niccolo Zingarelli – Depuis une heure je l'attends. Romance / L. Jadin – Duetto dell'Olympiade / Giovanni Paisiello – Nocturne à deux voix / Jean-Baptiste Roucourt – Boscareccia / Nicolas Isouard – Duo de Zoraïme et Zulnar / François-Adrien Boieldieu – Duo de Lina ou Le mystère / Nicolas-Marie Dalayrac – Six duo en canon à voix égales / Honoré François Marie Langlé – O salutaris hostia. Impromptu à trois voix sans accompagnement / François-Joseph Gossec
=648  \0$1http://www.wikidata.org/entity/Q6955$a19th Century (1801-1900)$920935
=650  \0$1http://www.wikidata.org/entity/Q685884$aVocal music$93319
=651  \0$1http://www.wikidata.org/entity/Q142$aFrance$9131
=942  \\$cSCO
=952  \\$00$10$2ddc$40$6KTS_1_000000000000000_C3_12_09L29$70$8RAR$922732$aORPH$bORPH$cKTS1_C3$d2023-05-23$eKoopman$l0$oKTS1 C3.12 09L29$p20145328$r2023-05-23 00:00:00$w2023-05-23$ySCO
=999  \\$d21539
=533  \\$aDigitized by iGuana, Spring 2025.

