=LDR  01948nam a22002175i 4500
=001  21548
=005  20250120120919.0
=008  200124s2020\\\\ohu\\\\\\\\\\\000\0\eng\\
=010  \\$a  2020931644
=020  \\$a9780198859482$q(hardback)
=040  \\$aOI
=041  \\$aeng
=100  \\$aDodd, Julian$4aut$926260
=245  10$aBeing True to Works of Music
=260  \\$aNew York$bOxford University Press$c2020
=300  \\$a194 pages
=520  \\$a"This book argues that the so-called 'authenticity debate' about the performance of works of Western classical music has tended to focus on a side issue. While much has been written about the desirability (or otherwise) of historical authenticity - roughly, performing works as they would have been performed, under ideal conditions, in the era in which they were composed - the most fundamental norm governing our practice of work performance is, in fact, another kind of kind of truthfulness to the work altogether. This is interpretive authenticity: being faithful to the performed work by virtue of evincing a profound, far-reaching, or sophisticated understanding of it. While, in contrast to other performance values, both score compliance authenticity (being true to the work by obeying its score) and interpretive authenticity are valued for their own sake in performance, only the latter is a constitutive norm of the practice in the sense introduced by Christine Korsgaard. This has implications for cases in which the demands of these two kinds of authenticity conflict with each other. In cases of genuine such conflict, performers should sacrifice a little score compliance for the sake of making their performance more interpretively authentic"--
=650  \0$1http://www.wikidata.org/entity/Q44325$aOntology$924417
=942  \\$cBOO
=952  \\$00$10$2ddc$40$6AES_DODD$70$8AES$922748$aORPH$bORPH$cKM12_1$d2023-02-06$g58.95$l0$oAES DODD$p20132132$r2023-05-30 00:00:00$w2023-05-30$yBOO
=999  \\$d21548

