=LDR  01752njm a22003017a 4500
=001  21552
=005  20251103124736.0
=008  230607s1959\\\\||||||||\||||\00|\0\fre\d
=024  \\$2AMS$a2
=041  \\$afre$ager
=100  \\$1http://www.wikidata.org/entity/Q209212$4aut$aFrescobaldi, Girolamo$d1583-1643$910961
=245  \\$aFiori Musicali (Erster Teil):$bMessa della domenica; Messa della Madonna
=260  \\$aParis$bDisques Lumen$aDüsseldorf$bL. Schwann$c1959
=300  \\$aLP, mono$c12"$ebooklet, 36 pages
=500  \\$aExtensive liner notes, containing information on the composer's biography, on 'Fiori musicali', the musical interpretation, the organ in Frescobaldi's time, organ stops, and score
=500  \\$aRecorded on the organ of San Martino, Bologna (Giovanni Cipri da Ferrara, 1556/57)
=610  \0$1http://www.wikidata.org/entity/Q3671020$aSan Martino (Bologna, Italy)$923717
=648  \0$1http://www.wikidata.org/entity/Q7016$a17th Century (1601-1700)$920923
=650  \0$1http://www.wikidata.org/entity/Q2003283$aOrgan music$91951
=650  \0$1http://www.wikidata.org/entity/Q217295$aMass$92735
=650  \0$1http://www.wikidata.org/entity/Q1841$aCatholicism$921631
=650  \0$1http://www.wikidata.org/entity/Q7309439$aOrgan registration$923402
=650  \0$1http://www.wikidata.org/entity/Q1668139$aMusical interpretation$94533
=651  \0$1http://www.wikidata.org/entity/Q220$aRome (Italy)$949
=700  \\$1http://www.wikidata.org/entity/Q327719$4prf$4wam$aTagliavini, Luigi Ferdinando$d1929-2017$eOrgan$914041
=942  \\$cREC
=952  \\$00$10$2ddc$40$6REC_12_000000000000000_TAGL_1959$70$8REC$922762$aORPH$bORPH$cKM12_2_B$d2020-09-25$l0$oREC 12 TAGL 1959$p20132135$r2023-06-07 00:00:00$w2023-06-07$yREC
=999  \\$d21552

