=LDR  01431aam a2200241   4500
=001  21558
=008  220920s1706\\\\|||a||||\||||\00|\0\lat\d
=041  \\$alat
=245  \\$aMissæ propriæ sanctorum Ecclesiæ et Archi-Diocesis Trevirensis
=260  \\$aFrankfurt am Main$bBencard$c1706
=300  \\$a[iv]-31 pages$bprinted in red and black ink
=500  \\$atext in two columns in black and red ink
=501  \\$aBound in with 'Missale Romanum'
=590  \\$aJussu et autoritate Eminentissimi & Reverendissimi Domini, D. Joannis Hugonis, S. Sedis Trevirensis Archi-Episcopi, S.R.I. per Galliam et  Regnum Arelatense Archi-Cancellarii et Principis electoris, Episcopi spirensis administratoris Prumiensis ac præpositi  Weissenburgensis. Recognitæ, Et ad majorem Celebrantium commoditatem, ad longum positæ.

=648  \0$a18th Century (1701-1800)$1http://www.wikidata.org/entity/Q7015$920899
=650  \0$aReligion$1http://www.wikidata.org/entity/Q9174$93062
=650  \0$aLiturgy$1http://www.wikidata.org/entity/Q172331$92284
=650  \0$aCatholicism$1http://www.wikidata.org/entity/Q1841$921631
=651  \0$aTrier (Germany)$1http://www.wikidata.org/entity/Q3138$913
=773  \\$03595$tMissale Romanum$w3595
=942  \\$cBOO
=952  \\$00$10$2ddc$40$6KTS_1_000000000000000_C3_17_15F05B$70$8RAR$922772$aORPH$bORPH$cKTS1_C3$d2023-06-15$eKoopman$l0$oKTS1 C3.17 15F05b$p20145442b$r2023-06-15 00:00:00$w2023-06-15$yBOO
=999  \\$d21558

