=LDR  00908nam a22002177a 4500
=001  21560
=005  20250925143310.0
=008  230619b\\\\\\\\||||||||\||||\00|\0\eng\d
=024  \\$29781508922155
=041  \\$aeng
=100  \\$1http://www.wikidata.org/entity/Q125249$4aut$aJames, William$d1842-1910$919768
=245  \\$aEssays in Radical Empiricism
=260  \\$aBrétigny-sur-Orge$bFirst Rate Publishers$bAmazon$c[2023]
=300  \\$a[114] pages
=648  \0$1http://www.wikidata.org/entity/Q6927$a20th Century (1901-2000)$920936
=650  \0$1http://www.wikidata.org/entity/Q5891$aPhilosophy$92357
=650  \0$1http://www.wikidata.org/entity/Q83368$aEmpiricism$924647
=651  \0$1http://www.wikidata.org/entity/Q30$aUSA$943
=942  \\$cBOO
=952  \\$00$10$2ddc$40$6PHI_JAME_A$70$8PHI$922775$aORPH$bORPH$cKM12_3_2$d2023-06-19$g4.76$l0$oPHI JAME a$p20132136$r2023-06-19 00:00:00$w2023-06-19$yBOO
=999  \\$d21560

