=LDR  02950cam a2200289 i 4500
=001  21566
=005  20251001162314.0
=008  200204s2020\\\\nyua\\\\\b\\\\001\0\eng\\
=020  \\$a9780190659653
=041  \\$aeng
=245  10$aInside Computer Music
=260  \\$aNew York$bOxford University Press$c2020
=300  \\$axv-415 pages$billustrations
=504  \\$aIncludes bibliographical references (pages 393-403) and index.
=505  0\$aNine case studies from the history of computer music: John Chowning - Stria ; Barry Truax - Riverrun ; Philippe Manoury - Pluton ; Hildegard Westerkamp - Beneath the Forest Floor ; Francis Dhomont - Phonurgie ; Trevor Wishart - Imago ; Jonathan Harvey - Fourth String Quartet ; Cort Lippe - Music for Tuba and Computer ; Natasha Barrett - Hidden Values - The Lock -- Conclusions.
=520  \\$a"This publication (the text and the software) aims to explore the relationship between new technical innovations in computer technology for music and the creative practice of composers employing these new techniques. It asks: does the new technology lead to new sounds and new ways of structuring music, and if so how? What are the creative options, sonic and structural, presented by new software and hardware? How can these be manipulated and shaped to form music? How have particular composers developed successful working methods in using this technology? To answer such questions a set of case studies have been examined in depth, specific works in which composers have adopted new techniques, whether developed by themselves or by others. Each of these works has been researched from a number of different perspectives: the technical and musical background, the technology employed in the particular work and, through music analysis, the musical outcome. Innovative approaches have been employed both in undertaking and presenting this research. On the one hand, it has been important to find appropriate ways of presenting the musical potential of what are often highly technical processes. On the other hand, it has been necessary to find ways of analyzing music that often evades even the most basic fundamentals of traditional music analysis: notes, harmonies, or instruments"--$cProvided by publisher.
=650  \0$aComputer science$1http://www.wikidata.org/entity/Q21198$92375
=650  \0$aMusical analysis$1http://www.wikidata.org/entity/Q1544924$92775
=650  \0$aMusic criticism$1http://www.wikidata.org/entity/Q11748889$921598
=650  \0$aMusic philosophy and aesthetics$1http://www.wikidata.org/entity/Q2092865$921165
=650  \0$aTechnology$1http://www.wikidata.org/entity/Q11016$921633
=700  1\$aClarke, Michael$4aut$917237$d1956-
=700  1\$aDufeu, Frédéric,$4aut
=700  1\$aManning, Peter,$4aut$d1948-
=942  \\$cBOO
=952  \\$00$10$2ddc$40$6SCI_CLAR$70$8SCI$922790$aORPH$bORPH$cKM12_1$d2023-05-30$l0$oSCI CLAR$p20145465$r2023-06-21 00:00:00$w2023-06-21$yBOO
=999  \\$d21566

