=LDR  01439nam a2200301 a 4500
=001  21567
=005  20251001162314.0
=008  941027s1994\\\\gw\a\\\\\b\\\\100\0\ger\d
=020  \\$a3764924632
=041  0\$ager$arus
=245  00$aMusikkultur in der Bundesrepublik Deutschland:$bSymposion Leningrad 1990
=246  \1$aMuzikalʹnai︠a︡ kulʹtura v Federativnoĭ Respublike Germanii︠a︡
=260  \\$aKassel$bBosse$c1994
=300  \\$avii-397 pages
=500  \\$aParallel text in German and Russian
=504  \\$aIncludes bibliographical references.
=590  \\$afür den Deutschen Musikrat herausgegeben von Rudolf Stephan und Wsewolod Saderatzkij
=648  \0$1http://www.wikidata.org/entity/Q6927$a20th Century (1901-2000)$920936
=650  \0$aMusic history$1http://www.wikidata.org/entity/Q846047$921373
=650  \0$aCultural history$1http://www.wikidata.org/entity/Q858517$922395
=650  \0$aMusic criticism$1http://www.wikidata.org/entity/Q11748889$921598
=650  \0$aMusic philosophy and aesthetics$1http://www.wikidata.org/entity/Q2092865$921165
=651  \0$1http://www.wikidata.org/entity/Q183$aGermany$9155
=700  \\$aStephan, Rudolf$4edt$4win$920671
=700  1\$aZaderat︠s︡kiĭ, Vsevolod V.$d1935-$4edt$4win$926334
=942  \\$cBOO
=952  \\$00$10$2ddc$40$6TOP_DE_6_000000000000000$70$8TOP$922791$aORPH$bORPH$cKTS0$d2023-06-02$l0$oTOP DE 6$p20145466$r2023-06-21 00:00:00$w2023-06-21$yBOO
=999  \\$d21567

