=LDR  01258nam a22002051i 4500
=001  21568
=008  780103t20081960gw\\\\\\\b\\\\001\0\ger\\
=041  \\$ager
=100  1\$aLausberg, Heinrich$d1912-1992$1http://www.wikidata.org/entity/Q92425$4aut$926335
=245  10$aHandbuch der literarischen Rhetorik:$bdie Grundlegung der Literaturwissenschaft
=250  \\$a4th ed.
=260  \\$aStuttgart$bSteiner$c2008
=300  \\$a983 pages
=505  \\$gVorbemerkungen: Artes, Grammatik -- Rhetorik: Definition und Stellung, Gliederung und Darstellung, Partes artis (Inventio: Exordium, Narratio, Argumentatio, Peroratio – Dispositio – Elocutio – Memoria – Pronuntiatio), Exercitatio -- Poetik: Mimetische Mittel, Objekte der Mimesis, Arten der Mimesis -- Bibliographie -- Terminologisches Register (Lateinisch, Griechisch, Französisch: S. 637-959) -- Nachträge zur 2. Auflage
=650  \0$aRhetoric$1http://www.wikidata.org/entity/Q81009$93894
=650  \0$aLiterature$1http://www.wikidata.org/entity/Q8242$94439
=650  \0$aPhilology$1http://www.wikidata.org/entity/Q40634$925506
=942  \\$cBOO
=952  \\$00$10$2ddc$40$6LIT_LAUS_B$70$8LIT$922792$aORPH$bORPH$cKM12_2_H$d2023-06-09$l0$oLIT LAUS b$p20145467$r2023-06-21 00:00:00$w2023-06-21$yBOO
=999  \\$d21568

