=LDR  00777nam a22001937a 4500
=001  21599
=005  20251001162235.0
=008  230711s2016\\\\||||||||\||||\00|\0\eng\d
=041  \\$aeng
=100  \\$1http://www.wikidata.org/entity/Q20740852$4aut$aFisher, Mark$d1968-2017$926401
=245  \\$aThe Weird and the Eerie
=260  \\$aLondon$bRepeater$c2016
=300  \\$a134 pages
=648  \0$1http://www.wikidata.org/entity/Q6939$a21st Century (2001-2100)$920812
=650  \0$1http://www.wikidata.org/entity/Q8242$aLiterature$94439
=650  \0$1http://www.wikidata.org/entity/Q35986$aAesthetics$921494
=942  \\$cBOO
=952  \\$00$10$2ddc$40$6LIT_FISH_A$70$8LIT$922846$aORPH$bORPH$cKM12_2_H$d2023-07-11$g14.25$l0$oLIT FISH a$p20132154$r2023-07-11 00:00:00$w2023-07-11$yBOO
=999  \\$d21599

