=LDR  01179cam a2200277 i 4500
=001  21601
=005  20250604111955.0
=008  150915s2016\\\\enk\\\\\\bk\\\000\0\eng\d
=020  \\$a9781782797593
=040  \\$aOI
=041  \\$aeng
=100  \\$aTanner, Grafton$d1990-$4aut$925711
=245  10$aBabbling Corpse:$bVaporwave and the Commodification of Ghosts
=260  \\$aWinchester$aWashington, DC$bZero Books$c2016
=300  \\$axii-84 pages
=504  \\$aIncludes bibliographical references (pages 82-83).
=504  \\$aDiscography: page 84.
=648  \0$1http://www.wikidata.org/entity/Q6939$a21st Century (2001-2100)$920812
=650  \0$aElectronic music$1http://www.wikidata.org/entity/Q9778$922014
=650  \0$aPopular music$1http://www.wikidata.org/entity/Q373342$922015
=650  \0$aCultural history$1http://www.wikidata.org/entity/Q858517$922395
=650  \0$aCapitalism$1http://www.wikidata.org/entity/Q6206$924876
=651  \0$1http://www.wikidata.org/entity/Q30$aUSA$943
=942  \\$cBOO
=952  \\$00$10$2ddc$40$6GEN_21_000000000000000$70$8GEN$922853$aORPH$bORPH$cKM12_1$d2023-07-14$g13.95$l0$oGEN21$p20132155$r2023-07-14 00:00:00$w2023-07-14$yBOO
=999  \\$d21601

