=LDR  00858nam a22002177a 4500
=001  21602
=005  20251001162314.0
=008  230714r20212020|||a||||\||||\00|\0\eng\d
=020  \\$a9781032084657 (paperback)
=041  \\$aeng
=245  \\$aMusic as Atmosphere:$bCollective Feelings and Affective Sounds
=246  \1$aAmbiances, Atmospheres and Sensory Experiences of Spaces
=260  \\$aAbingdon, Oxon$aNew York, NY$bRoutledge$c2021
=300  \\$axii-309 pages
=534  \\$aOriginally published in 2020
=650  \0$1http://www.wikidata.org/entity/Q2092865$aMusic philosophy and aesthetics$921165
=700  \\$4edt$926408$aRiedel, Friedlind
=700  \\$4edt$926409$aTorvinen, Juha
=942  \\$cBOO
=952  \\$00$10$2ddc$40$6AES_RIED$70$8AES$922854$aORPH$bORPH$cKM12_1$d2023-07-11$g44.42$l0$oAES RIED$p20132156$r2023-07-14 00:00:00$w2023-07-14$yBOO
=999  \\$d21602

