=LDR  02717cam a22002418i 4500
=001  21607
=008  230221s2023\\\\nyu\\\\\\b\\\\001\0\eng\\
=020  \\$a9780367763664
=041  \\$aeng
=100  1\$aMentz, Steve$1http://www.wikidata.org/entity/Q112551621$4aut$926416
=245  13$aAn Introduction to the Blue Humanities
=260  \\$aNew York$bRoutledge$c2023
=300  \\$axix-163 pages
=504  \\$aIncludes bibliographical references and index.
=505  0\$aPreface :  bodies of water -- A poetics of planetary water -- Blue humanities thinking -- The vast Pacific -- The roaring south -- The connected ocean -- Surrounded by land -- In the Caribbean -- Northern lights -- The tornadoed Atlantic -- Conclusion : touching moisture.
=520  \\$a"An Introduction to The Blue Humanities is the first textbook to explore the many ways humans engage with water, utilizing literary, cultural, historical, and theoretical connections and ecologies to introduce students to the history and theory of water-centric thinking. Comprised of multinational texts and materials, each chapter will provide readers with a range of primary and secondary sources, offering a fresh look at the major oceanic regions, salt and freshwater geographies, and the physical properties of water that characterize the Blue Humanities. Each chapter engages with carefully-chosen primary texts, including frequently-taught works such as Herman Melville's Moby Dick, Samuel Taylor Coleridge's The Rime of the Ancient Mariner, Homer's The Odyssey, and Luis Vaz de Camões' The Lusiads, to provide the perfect pedagogy for students to develop an understanding of the Blue Humanities chapter by chapter. Readers will gain insight into new trends in intellectual culture and the long histories of humans thinking with water, ranging across the many coastlines of the World Ocean to Pacific clouds, Mediterranean lakes, Caribbean swamps, Arctic glaciers, Southern Ocean rainstorms, Atlantic groundwater, and Indian Ocean rivers. Providing new avenues for future thinking and investigation of the Blue Humanities, this volume will be ideal for both undergraduate and graduate courses engaging with the environmental humanities and oceanic literature"--$cProvided by publisher.
=650  \0$aEcology$1http://www.wikidata.org/entity/Q7150$926417
=650  \0$aLiterature$1http://www.wikidata.org/entity/Q8242$94439
=650  \0$aPhilosophy$1http://www.wikidata.org/entity/Q5891$92357
=650  \0$aHumanities$1http://www.wikidata.org/entity/Q80083$94454
=942  \\$cBOO
=952  \\$00$10$2ddc$40$6HUM_MENT$70$8HUM$922860$aORPH$bORPH$cKM12_1$d2023-07-12$l1$oHUM MENT$p20145603$q2024-01-12$r2023-07-17 00:00:00$s2023-07-17$w2023-07-17$yBOO
=999  \\$d21607

