=LDR  02422cam a22002538i 4500
=001  21608
=008  200724s2021\\\\enk\\\\\\b\\\\001\0\eng\\
=020  \\$a9781138479579
=041  \\$aeng
=245  14$aThe Art of Experiment:$bPost-Pandemic Knowledge Practices for 21st Century Architecture and Design
=260  \\$aAbingdon, Oxon$aNew York$bRoutledge$c2021
=300  \\$axv-155 pages
=504  \\$aIncludes bibliographical references and index.
=505  0\$aMaterial knowledge -- Strengthening knowledge -- Reconfiguring knowledge -- Extending knowledge -- Worldling case studies.
=520  \\$a"A handbook for navigating our troubled and precarious times intended to help readers imagine and make their world anew. In search of new knowledge practices that can help us make the world liveable again, this book takes the reader on a journey across time - from the deep past to the unfolding future. The authors search beyond human knowledge to establish negotiated partnerships with forms of knowledge within the planet itself, examining how we have manipulated these historically through an anthropocentric focus. The book explores the many different kinds of knowledge, and the diversity of instruments needed to invoke and actuate the potency of human and nonhuman agencies. Four key phases in our ways of knowing are identified: material, strengthening, reconfiguring and extending. These are exemplified through case studies that take the form of worlding experiments, creating a handbook for navigating our troubled and precarious times that may help each reader imagine and make their world anew. This pioneering work will inspire architects, artists, and designers as well as students, teachers and researchers across arts and design disciplines"--$cProvided by publisher.
=648  \0$1http://www.wikidata.org/entity/Q6939$a21st Century (2001-2100)$920812
=650  \0$aArchitecture$1http://www.wikidata.org/entity/Q12271$93185
=650  \0$aPhilosophy$1http://www.wikidata.org/entity/Q5891$92357
=650  \0$aArtistic research$1http://www.wikidata.org/entity/Q20827087$921804
=700  1\$aGullström-Hughes, Rolf$4aut$926418
=700  1\$aArmstrong, Rachel$d1966-$1http://www.wikidata.org/entity/Q23795664$4aut$926419
=942  \\$cBOO
=952  \\$00$10$2ddc$40$6MTP_3_000000000000000_HUGH$70$8MTP$922861$aORPH$bORPH$cKM12_1$d2023-07-19$l0$oMTP3 HUGH$p20145601$r2023-07-19 00:00:00$w2023-07-19$yBOO
=999  \\$d21608

