=LDR  03545nam a22002777a 4500
=001  21609
=008  230719b\\\\\\\\||||||||\||||\00|\0\###\d
=020  \\$a9788299821155
=041  \\$aeng
=245  \\$aHandbook of the Unknowable
=260  \\$aTrondheim$bTEKS$c2016
=300  \\$a188 pages
=500  \\$aContributions by Ester Armstrong, Rachel Armstrong, Andrew Ballantyne, Krists Ernstsons, Paul Gilster, Rolf Hughes, Sarah Jane Pell & Frederik de Wilde
=500  \\$aPublished in connection with Meta.Morf 2016 - Nice to be in orbit! Biennale for art and technology, Trondheim, Norway
=520  \\$aThis Handbook of the Unknowable came about as a conversation between Espen Gangvik, Director Trondheim Biennale, Norway, Rachel Armstrong, Professor of Experimental Architecture, Newcastle University, UK, and Rolf Hughes, Head of Research and Professor of Artistic Research at Stockholm University of the Arts, Sweden. The discussion related to how the arts and space communities may explore productive research conversations in a festival setting. The idea that the publication itself could be viewed in dialogue with the Biennale programme came about as an alternative reading of the festival theme ‘It’s Nice to be in Orbit’ for Meta.Morf 2016. Conceptually, the publication represents a journey from the present understanding and engagement with ‘space’ towards an uncertain, yet optimistic future ‘among the stars’. The reader is invited to imagine the near-term prospect of human space habitation. If it is the case that we relate to the extraordinary terrains that make up our solar system in an almost mundane, technological, colonizing mindset today, then the work presented here – with its reverent insistence on enchantment – is offered as a necessary counterpoint. We will not imagine the unimaginable unless some brave souls start to help us do so. Such a ‘handbook’ – the editors have deliberately chosen the name of such a pragmatic or practical genre in order to smash it against the mysterious concept of ‘unknowability’, thereby creating an alternative vision to that articulated so suavely in countless techno-utopian space reports – invites discovery while simultaneously declaring the impossibility of any notion of resolution in such hypercomplex, alien and vast spaces. In other words space remains both familiar and exotic. We are confronted not only with the strangeness of matter but also with the irreducibility of ourselves. Space, in short, can be said to be queer in every sense of the term. This means our acquired habits and existing knowledge sets are unlikely to get us very far. We’ll need to find ways to think against (and outside) ourselves. Here the arts can be an important ally.
=648  \0$1http://www.wikidata.org/entity/Q6939$a21st Century (2001-2100)$920812
=650  \0$1http://www.wikidata.org/entity/Q333$aAstronomy$924195
=650  \0$1http://www.wikidata.org/entity/Q20827087$aArtistic research$921804
=650  \0$1http://www.wikidata.org/entity/Q7991$aScience$921650
=650  \0$1http://www.wikidata.org/entity/Q11016$aTechnology$921633
=700  1\$1http://www.wikidata.org/entity/Q23795664$4edt$aArmstrong, Rachel$d1966-$926419
=700  1\$4edt$926418$aGullström-Hughes, Rolf
=700  \\$1http://www.wikidata.org/entity/Q11967931$4edt$aGangvik, Espen$926420
=942  \\$cBOO
=952  \\$00$10$2ddc$40$6MTP_3_000000000000000_HUGH$70$8MTP$922862$aORPH$bORPH$cKM12_1$d2023-07-19$l0$oMTP3 HUGH$p20145602$r2023-07-19 00:00:00$w2023-07-19$yBOO
=999  \\$d21609

