=LDR  01363cam a2200289 i 4500
=001  21611
=005  20251001162235.0
=008  150814s2011\\\\gw\a\\\||b\\\|000\||ger||
=020  \\$a9783826045936
=041  \\$ager
=245  00$aGenie, Virtuose, Dilettant:$bKonfigurationen romantischer Schöpfungsästhetik
=260  \\$aWürzburg$bKönigshausen und Neumann$c2011
=300  \\$a300 pages$b[14] pages of plates
=490  0\$aStiftung für Romantikforschung$v53
=504  \\$aIncludes bibliographical references.
=648  \0$1http://www.wikidata.org/entity/Q6955$a19th Century (1801-1900)$920935
=650  \0$aPhilosophy$1http://www.wikidata.org/entity/Q5891$92357
=650  \0$aAesthetics$1http://www.wikidata.org/entity/Q35986$921494
=650  \0$aVirtuosity$1http://www.wikidata.org/entity/Q214970$924670
=650  \0$aMusic history$1http://www.wikidata.org/entity/Q846047$921373
=650  \0$aMusic history$1http://www.wikidata.org/entity/Q846047$921373
=650  \0$aLiterature$1http://www.wikidata.org/entity/Q8242$94439
=700  \\$aBrandstetter, Gabriele$d1954-$1http://www.wikidata.org/entity/Q1490165$4edt$919288
=700  1\$aNeumann, Gerhard$d1934-2017$4edt$926421
=942  \\$cBOO
=952  \\$00$10$2ddc$40$6AES_BRAN$70$8AES$922864$aORPH$bORPH$cKM12_1$d2020-09-22$g19.80$l0$oAES BRAN$p20132170$r2023-07-20 00:00:00$w2023-07-20$yBOO
=999  \\$d21611

