=LDR  01332cam a22002531a 4500
=001  21612
=005  20250925143310.0
=008  091112r20061911gw\cf\\\\\\\\\000\0\ger\\
=020  \\$a3487121506
=022  \\$a16114310
=041  \\$ager
=100  1\$aSchorn, Adelheid von$d1841-1916$1http://www.wikidata.org/entity/Q354913$4aut$926422
=245  13$aDas nachklassische Weimar
=260  \\$aHildesheim$aZurich$aNew York$bOlms$c2006
=300  \\$a2 vols. (viii-391+vi-352 pages)
=505  \\$gvol. 1: Unter der Regierungszeit Karl Friedrichs und Maria Paulownas$gvol. 2: Unter der Regierungszeit von Karl Alexander und Sophie
=648  \0$1http://www.wikidata.org/entity/Q6955$a19th Century (1801-1900)$920935
=648  \0$1http://www.wikidata.org/entity/Q6927$a20th Century (1901-2000)$920936
=650  \0$aMusic history$1http://www.wikidata.org/entity/Q846047$921373
=651  \0$aWeimar (Germany)$1http://www.wikidata.org/entity/Q3955$921645
=942  \\$cBOO
=952  \\$00$10$2ddc$3Erster Band$40$6TOP_DE_WEI1_6_000000000000000$70$8TOP$922865$aORPH$bORPH$cKTS0$d2020-09-23$l0$oTOP DE.WEI1 6$p20132161$r2023-07-20 00:00:00$w2023-07-20$yBOO
=952  \\$00$10$2ddc$3Zweiter Band$40$6TOP_DE_WEI1_6_000000000000000$70$8TOP$922866$aORPH$bORPH$cKTS0$d2020-09-23$l0$oTOP DE.WEI1 6$p20132162$r2023-07-20 00:00:00$w2023-07-20$yBOO
=999  \\$d21612

