=LDR  03357cam a2200373 i 4500
=001  21613
=005  20250207092056.0
=008  201010s2019\\\\gw\ag\\\\\\\\\000\0bger\d
=020  \\$a9783943425833$qhardbound
=020  \\$a3943425835
=040  \\$aOI
=041  \\$ager
=050  00$aML410.M914$bR547 2019
=100  \\$aRiesenberger, Dieter$d1938-$1http://www.wikidata.org/entity/Q21032828$4aut$926428
=245  10$aLeopold Mozart (1719-1787)
=264  \1$aBremen$bDonat Verlag$c2019
=300  \\$a364 pages$billustrations, music$c22 cm
=504  \\$aIncludes bibliographical references (pages 347-352) and index.
=505  00$gVorbemerkungen -- Biographischer Teil -- Von Augsburg nach Salzburg -- Herkunft, Kindheit und Jugend in Augsburg -- Karriere in Salzburg -- Leopold Mozart als Erzieher und Lehrer seiner Kinder -- 'Reisemarschall' Leopold Mozart : Herr und Diener seines Sohnes -- Die ersten Kunstreisen nach München und Wien (Januar bis Dezember 1762) -- Die grosse Reise durch Deutschland und Westeuropa (Juni 1763 bis November 1766) -- Von Salzburg bis Brüssel -- Aufenthalt in Paris -- Aufenthalt in London -- Rückreise nach Salzburg -- Die zweite Reise nach Wien (September 1767 bis Januar 1769) -- Die drei Reisen nach Italien und die dritte Reise nach Wien (Dezember 1769 bis September 1773) -- Jahre in Salzburg (September 1773 bis September 1777) -- Der Vater-Sohn-Konflikt -- W. A. Mozarts Reise mit der Mutter nach Paris (September 1777 bis Januar 1779) -- Beginnende Entfremdung : die Stationen München-Augsburg-Mannheim -- Marie Anne Mozarts Tod in Paris und Rückreise Wolfgang Amadeus Mozarts -- Salzburg, Wien : Zerwürfnis zwischen Vater und Sohn (1779 bis 1781) -- Die letzten Jahre des Leopold Mozart (1782 bis 1787) --  
Aspekte -- Von Alltag und Politik -- Geselligkeit, Spiel und Tanz mit den Mozarts -- Glaube, Frömmigkeit und Aufklärung bei Leopold Mozart -- Der politische Kommentator : Leopold Mozart und der Bayerische Erbfolgekrieg (1778/79; 1785) -- Leopold Mozart und die Musik -- Der Versuch einer gründlichen Violinschule -- Die Salzburger Hofkapelle und Leopold Mozart -- Der Komponist Leopold Mozart -- Schluss -- Leopold Mozart : ein vielseitiger Repräsentant seiner Zeit -- Anmerkungen -- Literaturverzeichnis -- Bildnachweis -- Personenregister.
=590  \\$aUnter Mitwirkung von Gisela Riesenberger
=600  \0$aMozart, Leopold$d1719-1787$1http://www.wikidata.org/entity/Q156280$912887
=610  \0$1http://www.wikidata.org/entity/Q18574758$aMozart family$922340
=648  \0$1http://www.wikidata.org/entity/Q7015$a18th Century (1701-1800)$920899
=650  \0$aComposer$1http://www.wikidata.org/entity/Q36834$93625
=650  \0$aViolinist$1http://www.wikidata.org/entity/Q1259917$93278
=650  \0$aMusic teacher$1http://www.wikidata.org/entity/Q16145150$93068
=650  \0$aBiography$1http://www.wikidata.org/entity/Q36279$91927
=651  \0$aAugsburg (Germany)$1http://www.wikidata.org/entity/Q2749$921699
=651  \0$aSalzburg (Austria)$1http://www.wikidata.org/entity/Q34713$921433
=651  \0$aEurope$1http://www.wikidata.org/entity/Q46$991
=700  \\$aRiesenberger, Gisela$4ctb$926429
=942  \\$cBOO
=952  \\$00$10$2ddc$40$6BIO_MOZA2_D$70$8BIO$922878$aORPH$bORPH$cKTS1_P$d2023-08-16$g24.80$l0$oBIO MOZA2 d$p20132171$r2023-08-16 00:00:00$w2023-08-16$yBOO
=999  \\$d21613

