=LDR  02782cam a2200313ui 4500
=001  21615
=003  OI
=005  20250121142136.0
=008  160229t20162015cauf\\\||\\\\|001\||eng|d
=020  \\$a9780520292444$qpaperback
=040  \\$aOI
=041  \\$aeng
=100  \\$aFeldman, Martha$d1954-$1http://www.wikidata.org/entity/Q110866804$4aut$926439
=245  10$aCastrato:$bReflections on Natures and Kinds
=260  \\$aOakland, CA$bUniversity of California Press$c2016
=300  \\$axxiii-421 pages, 22 unnumbered pages of plates$c23 cm
=490  0\$aErnest Bloch Lectures$v16
=505  0\$gPart one : Reproduction. Of strange births and comic kin ; The man who pretended to be who he was : a tale of reproduction -- Part two : Voice. Red hot voice ; Castrato de luxe -- Part three : Half-light. Cold man, money man, big man too ; Shadow voices, castrato and non.
=520  \\$aThe Castrato is a nuanced exploration of why innumerable boys were castrated for singing between the mid-sixteenth and late-nineteenth centuries. It shows that the entire foundation of Western classical singing, culminating in bel canto, was birthed from an unlikely and historically unique set of desires, public and private, aesthetic, economic, and political. In Italy, castration for singing was understood through the lens of Catholic blood sacrifice as expressed in idioms of offering and renunciation and, paradoxically, in satire, verbal abuse, and even the symbolism of the castrato's comic cousin Pulcinella. Sacrifice in turn was inseparable from the system of patriarchy--involving teachers, patrons, colleagues, and relatives--whereby castrated males were produced not as nonmen, as often thought nowadays, but as idealized males. Yet what captivated audiences and composers--from Cavalli and Pergolesi to Handel, Mozart, and Rossini--were the extraordinary capacities of castrato voices, a phenomenon ultimately unsettled by Enlightenment morality. Although the castrati failed to survive, their musicality and vocality have persisted long past their literal demise [Publisher description]
=648  \0$1http://www.wikidata.org/entity/Q7016$a17th Century (1601-1700)$920923
=648  \0$1http://www.wikidata.org/entity/Q7015$a18th Century (1701-1800)$920899
=650  \0$aCastrato$1http://www.wikidata.org/entity/Q210970$92704
=650  \0$aSinger$1http://www.wikidata.org/entity/Q177220$93915
=650  \0$aMusic history$1http://www.wikidata.org/entity/Q846047$921373
=650  \0$aCultural history$1http://www.wikidata.org/entity/Q858517$922395
=651  \0$1http://www.wikidata.org/entity/Q38$aItaly$922
=942  \\$cBOO
=952  \\$00$10$2ddc$40$6INS_2A$70$8INS$922880$aORPH$bORPH$cKTS0$d2023-08-17$g17.00$l0$oINS2a$p20132173$r2023-08-17 00:00:00$w2023-08-17$yBOO
=999  \\$d21615

