=LDR  01004nam a22002057a 4500
=001  21627
=008  230906s2022\\\\|||aof||\m|||\00|\0\eng\d
=041  \\$aeng
=100  \\$1https://orcid.org/0000-0002-6619-9070$4aut$aNimeroski, Ellie$925653
=245  \\$aA Bow's-eye View:$bPerspectives from a Violinist at the Workbench
=260  \\$aGhent$c2022
=300  \\$av-218 pages
=500  \\$aDissertation presented in the partial fulfillment of the requirements for the degree of Doctor in the arts, January 2022. Supervisor: Prof. T. Beghin
=650  \0$1http://www.wikidata.org/entity/Q20827087$aArtistic research$921804
=650  \0$1http://www.wikidata.org/entity/Q8355$aViolin$92783
=650  \0$1http://www.wikidata.org/entity/Q204948$aBow$922587
=650  \0$1http://www.wikidata.org/entity/Q899293$aOrganology$921400
=942  \\$cDIS
=952  \\$00$10$2ddc$40$6MTP_5_000000000000000_NIME$70$8MTP$922899$aORPH$bORPH$cKM12_1$d2023-09-06$l0$oMTP5 NIME$p20145745$r2023-09-06 00:00:00$w2023-09-06$yDIS
=999  \\$d21627

