=LDR  01667ncm a22002417a 4500
=001  21628
=008  230906t1974\\\\|||||le|\||||\00|\0\eng\d
=059  \\$avn/viol/crtt/rec vc/dlcn/skbt bc
=245  \\$aTwenty-one masque dances of the early seventeenth century
=260  \\$aLondon$bLondon Pro Musica Edition$c1974
=300  \\$aFull score and treble part (24 + 8 pages)
=490  \\$aEnglish Instrumental Music of the late Renaissance$v2
=505  \\$gAdsonns Masque - The First Witches Dance - The Second Witches Dance - Johnsons flatt Masque - Sir Francis Bacons Masque 1- Sir Francis Bacons Second Masque - Cupararee or Graysin - The second [of Gays Inn] - The Nymphs Dance - The Satyrs Masque - The Mountebanks Dance at Grayes Inne - The Standing Masque - The Kings Mistresse - Wilsons love - Williams His Love -  - Bateman´s Masque - The first of Sir John Paggingtons - The second of [Sir John Paggingtons] - The third [Sir John Paggingtons] - Grays Inne Masque - The second [of the Prince]
=648  \0$1http://www.wikidata.org/entity/Q7016$a17th Century (1601-1700)$920923
=650  \0$1http://www.wikidata.org/entity/Q11639$1http://www.wikidata.org/entity/Q316930$aDance$924845
=650  \0$1http://www.wikidata.org/entity/Q639197$aInstrumental music$92106
=650  \0$1http://www.wikidata.org/entity/Q2207959$aMasque$923174
=651  \0$1http://www.wikidata.org/entity/Q21$aUnited Kingdom$9273
=700  \\$4edt$926460$aThomas, Bernard
=700  \\$4edt$917848$aWalls, Peter
=942  \\$cSCO
=952  \\$00$10$2ddc$40$6SCO_MISC_WALL$70$8SCO$922901$aORPH$bORPH$cKTS1_H$d2023-09-06$l0$oSCO MISC WALL$p20135933$r2023-09-06 00:00:00$w2023-09-06$ySCO
=999  \\$d21628

