=LDR  02969cdm a22005654a 4500
=001  21629
=005  20230906150302.0
=008  110706s1996\\\\sz\ccz|\rbhi\\\n\\|\lat\c
=010  \\$a  2011564445
=020  \\$a3905049678
=020  \\$a9783905049671
=028  32$aBP 2149$bAmadeus
=035  \\$a(OCoLC)ocm36000336
=035  \\$a(OCoLC)36000336
=040  \\$aYSM$cYSM$dOCL$dIUL$dOCLCQ$dDLC
=041  0\$alat$agrc$gger$geng
=042  \\$apcc
=050  00$aM2147 X$bM3
=110  2\$aCatholic Church.
=240  10$aTroper (Ms. Stiftsbibliothek Sankt Gallen. 484)
=245  10$aStiftsbibliothek Sankt Gallen Codices 484 & 381 /$ckommentiert und in Faksimile herausgegeben [von] Wulf Arlt & Susan Rankin ; unter Mitarbeit von Cristina Hospenthal.
=260  \\$aWintherthur, Schweiz :$bAmadeus,$c1996.
=300  \\$a3 v. of music ;$c24-32 cm.
=500  \\$aFacsim. reproduction of two 10th century tropers for the Abbey of St. Gallen, consisting principally of tropes and sequences, also including other Mass Ordinary chants, these in part in Greek.
=500  \\$aCommentary in English and German.
=504  \\$aIncludes bibliographical references (v. 1, p. 311-318) and indexes.
=505  0\$av. 1. Kommentar -- v. 2. Codex Sangallensis 484 -- v. 3. Codex Sangallensis 381.
=510  4\$aRISM (Répertoire international des sources musicales),$cB/V, pages 39-41, 47-48
=510  4\$aNew Grove dict., 2nd ed.,$cSources, MS, 2: Western plainchant: 9th and 10th centuries
=546  \\$aLatin and Greek words; Greek texts are given in Latin transliteration.
=610  20$aCatholic Church.$tTroper (Ms. Stiftsbibliothek Sankt Gallen. 484)
=610  20$aCatholic Church.$tTroper (Ms. Stiftsbibliothek Sankt Gallen. 381)
=650  \0$aTropes (Music)
=650  \0$aSequences (Music)
=650  \0$aGregorian chants.
=650  \0$aMasses, Unaccompanied$y500-1400.
=650  \0$aMusic$vManuscripts$vFacsimiles.
=700  1\$aArlt, Wulf.$4edt$4cmm
=700  1\$aRankin, Susan.$4edt$4cmm
=700  1\$aHospenthal, Cristina,$d1951-
=710  22$aCatholic Church.$tTroper (Ms. Stiftsbibliothek Sankt Gallen. 381)
=710  2\$aStiftsbibliothek Sankt Gallen.$kManuscript.$n484.
=710  2\$aStiftsbibliothek Sankt Gallen.$kManuscript.$n381.
=906  \\$a7$bcbc$cpccadap$d2$encip$f20$gy-genmusic
=942  \\$cSCO
=952  \\$00$10$2ddc$3III Codex 381$40$6SCO_MISC_ARLT$70$8SCO$922902$aORPH$bORPH$cKTS1_H$d2023-09-06$l0$oSCO MISC ARLT$p20134733$r2023-09-06 00:00:00$w2023-09-06$ySCO
=952  \\$00$10$2ddc$3II Codex 484$40$6SCO_MISC_ARLT$70$8SCO$922903$aORPH$bORPH$cKTS1_H$d2023-09-06$l0$oSCO MISC ARLT$p20134734$r2023-09-06 00:00:00$w2023-09-06$ySCO
=952  \\$00$10$2ddc$3I Kommentar . Commentary$40$6SCO_MISC_ARLT$70$8SCO$922904$aORPH$bORPH$cKTS1_H$d2023-09-06$l0$oSCO MISC ARLT$p20134735$r2023-09-06 00:00:00$w2023-09-06$ySCO
=955  \\$avl16 2011-07-06 z-client$ivl16 2011-07-06$avk37 2019-11-05 RISM standards project
=999  \\$d21629

