=LDR  01538nam a22002417a 4500
=001  21633
=005  20251003085500.0
=008  230906s2004\\\\|||g||||\||||\00|\0\ita\d
=020  \\$a9788822253705
=041  \\$aita
=100  \\$1https://orcid.org/0000-0001-6238-1417$4aut$4edt$aAssis, Paulo de$916044
=245  \\$aDomani l'aurora:$bRipristino ricostruttivo del Concerto per pianoforte e orchestra incompiuto (1993), di Camillo Togni
=300  \\$a187-[2] pages$bmusic examples
=500  \\$aIn 1993, the year of his death, Camillo Togni left a great work unfinished to which he had intended to entrust a poetic and compositional message; a 'Piano Concerto', here accompanied by an essay that not only addresses the question of 'finishing the unfinished', but also describes its reconstructive process. The appendix contains an initial survey aimed at cataloguing Togni's documentary archives. (translated by Deepl)
=590  \\$acon l'aggionta del primo tentativo di catalogo dell' Archivio
=600  10$1http://www.wikidata.org/entity/Q466647$aTogni, Camillo$d1922-1993$926463
=650  \0$1http://www.wikidata.org/entity/Q5994$aPiano$92127
=650  \0$1http://www.wikidata.org/entity/Q9748$aConcerto$921817
=650  \0$1http://www.wikidata.org/entity/Q20827087$aArtistic research$921804
=650  \0$1http://www.wikidata.org/entity/Q2352616$aCatalogue$921484
=942  \\$cBOO
=952  \\$00$10$2ddc$40$6BIO_TOGN_E$70$8BIO$922908$aORPH$bORPH$cKTS1_P$d2023-09-06$l0$oBIO TOGN e$p20145758$r2023-09-06 00:00:00$w2023-09-06$yBOO
=999  \\$d21633

