=LDR  01158cam a2200253 a 4500
=001  21642
=008  950417s1987\\\\it\acfg\\b\\\\001\0dmul\\
=020  \\$a882223491X
=041  0\$aita$aeng$afre
=100  \\$4edt$aPompilio, Angelo$910795
=245  00$aPadre Martini:$bmusica e cultura nel Settecento europeo
=260  \\$aFlorence$bOlschki$c1987
=300  \\$axiii-331 pages $b2 plates
=490  \\$aQuaderni della Rivista italiana di musicologia$v12
=500  \\$aArticles in Italian, English, and French.
=504  \\$aIncludes bibliographical references and index.
=600  \0$aMartini, Giovanni Battista$d1706-1784$1http://www.wikidata.org/entity/Q283651$95397
=648  \0$1http://www.wikidata.org/entity/Q7015$a18th Century (1701-1800)$920899
=650  \0$aMusic criticism$1http://www.wikidata.org/entity/Q11748889$921598
=650  \0$aMusic history$1http://www.wikidata.org/entity/Q846047$921373
=651  \0$1http://www.wikidata.org/entity/Q38$aItaly$922
=942  \\$cBOO
=952  \\$00$10$2ddc$40$6BIO_MART1_E$70$8BIO$922917$aORPH$bORPH$cKTS1_P$d2020-09-07$eKoopman$i31A14$l0$oBIO MART1 e$p20121158$r2023-09-07 00:00:00$w2023-09-07$yBOO
=999  \\$d21642

