=LDR  01004nam a22002177a 4500
=001  21647
=008  230907r19721651|||h||||\||||\00|\0ager\d
=041  \\$ager
=100  \\$1http://www.wikidata.org/entity/Q153643$4aut$aSchütz, Heinrich$d1585-1672$97240
=245  \\$aAutobiographie (Memorial 1651):$bFaksimile-Ausgabe
=260  \\$aLeipzig$bVEB Deutscher Verlag für Musik$c1972
=300  \\$a24 pages
=600  \0$1http://www.wikidata.org/entity/Q153643$aSchütz, Heinrich$d1585-1672$97240
=648  \0$1http://www.wikidata.org/entity/Q7016$a17th Century (1601-1700)$920923
=650  \0$1http://www.wikidata.org/entity/Q36834$aComposer$93625
=650  \0$1http://www.wikidata.org/entity/Q36279$aBiography$91927
=651  \0$1http://www.wikidata.org/entity/Q183$aGermany$9155
=700  \\$4win$4cmm$aKrause-Graumnitz, Heinz$912165
=942  \\$cBOO
=952  \\$00$10$2ddc$40$6BIO_SCHU5_A$70$8BIO$922922$aORPH$bORPH$cKTS1_P$d2023-09-07$l0$oBIO SCHU5 a$p20126262$r2023-09-07 00:00:00$w2023-09-07$yBOO
=999  \\$d21647

