=LDR  00584nam a22001577a 4500
=001  21649
=008  230907b\\\\\\\\|||h||||\||||\00|\0\ger\d
=041  \\$ager$alat
=245  \\$aDie Handschrift St. Gallen:$bStiftsbibliothek 359 Cantatorium
=300  \\$axx-166 pages
=490  \\$aMonumenta Paleographica Gregoriana$v3
=500  \\$aFacsimile
=650  \0$1http://www.wikidata.org/entity/Q172331$aLiturgy$92284
=942  \\$cBOO
=952  \\$00$10$2ddc$40$6SCO_MISC$70$8SCO$922924$aORPH$bORPH$cKTS1_H$d2023-07-08$eKoopman$i14H48$l0$oSCO MISC$p20126350$r2023-09-07 00:00:00$w2023-09-07$ySCO
=999  \\$d21649

