=LDR  02220nam a2200361 a 4500
=001  21650
=008  100521s2003\\\\sp\go\\|r\\\\|000\||spa|d
=245  \\$aMusical Codex Huelgas Reales Monastery (Burgos)$bDocumentation for the Facsimile Edition
=246  \1$aCódice Musical de las Huelgas
=260  \\$aMadrid$bTestimonio compañía editorial$bPatrimonio Ncional$cs.d.
=300  \\$a11-[8] pages$bin blue cardboard folder, facsimile reproductions of music examples as loose pages$eflyers
=490  0\$aScriptorium$v7
=500  \\$aInformation-folder anouncing the full facsimile-edition directed by Nicolas Bell (Bristish Library), containing an illustrated study, and 4 loose plates printed recto-verso, in the same quality as that of the finished facsimile
=500  \\$aCodex IX of the Monasterio de Santa Maria la Real de las Huelgas (Burgos, Spain), one of the most important sources of Spanish and medieval music ever, contains almost 200 monophonic and polyphonic chants dating ca.1300-1325 from the royal Cistercian convent.
=504  \\$ahttps://es.wikipedia.org/wiki/Codex_Las_Huelgas
=648  \0$1http://www.wikidata.org/entity/Q12554$aMiddle Ages (500-1400)$920964
=648  \0$1http://www.wikidata.org/entity/Q6939$a21st Century (2001-2100)$920812
=650  \0$1http://www.wikidata.org/entity/Q214719$aBibliophilia$921630
=650  \0$1http://www.wikidata.org/entity/Q9174$aReligion$93062
=650  \0$1http://www.wikidata.org/entity/Q685884$aVocal music$93319
=650  \0$1http://www.wikidata.org/entity/Q44613$aMonastery$926216
=650  \0$1http://www.wikidata.org/entity/Q179465$aPolyphony$926381
=650  \0$1http://www.wikidata.org/entity/Q2707688$aPlainchant$921363
=651  \0$aBurgos (Spain)$926471
=852  4\$bLW55$cL66$jLWBIB.L66.30.I.0066$p000010491039
=942  \\$cBOO
=952  \\$00$10$2ddc$40$6BIB_3_000000000000000_ES_3$70$8BIB$922925$aORPH$bORPH$cKTS0$d2023-09-11$l0$oBIB3 ES 3$p20134724$r2023-09-11 00:00:00$w2023-09-11$yBOO
=956  \\$aMFLORYN$b20$c20100521$lRUG01$h1424
=956  \\$aIDEGRYZE$b20$c20100618$lRUG01$h1202
=956  \\$aFVDPITTE$b20$c20160203$lRUG01$h0937
=956  \\$aBATCH$c20171208$lRUG01$h1338
=956  \\$c20230807$lRUG01$h1052
=999  \\$d21650

