=LDR  01399acb a2200265   4500
=001  21659
=008  230912b\\\\\\\\|||||l||\||||\00|\0\ger\d
=041  \\$ager
=059  \\$av
=100  \\$aMozart, Wolfgang Amadeus$d1756-1791$4cmp$1http://www.wikidata.org/entity/Q254$95341
=240  \\$aCanons KV 559, 562, 382e/234, 382d/233, 554, 555
=245  \\$a[6 Canons]
=260  \\$aLeipzig$bBreitkopf & Härtel
=300  \\$a12 pages$boblong, worn cover, several items bound together
=490  \\$aOeuvres Complettes de Wolfgang Amadeus Mozart$vvol. 15
=500  \\$aThis set of 6 canons comes from the Oeuvres Complettes de Wolfgang Amadeus Mozart Band XV, it is page 69-80. 
=501  \\$aBound in with XXX Gesange and another set of Canons from other volumes of the series Oeuvres Complettes de Wolfgang Amadeus Mozart
=648  \0$1http://www.wikidata.org/entity/Q7015$a18th Century (1701-1800)$920899
=650  \0$aSong$1http://www.wikidata.org/entity/Q7366$94164
=650  \0$aCanon$1http://www.wikidata.org/entity/Q53831$92130
=650  \0$aSinging$1http://www.wikidata.org/entity/Q27939$92767
=856  4\$uhttps://digibib.mozarteum.at/ismretroverbund/content/pageview/3104619
=942  \\$cSCO
=952  \\$00$10$2ddc$40$6KTS_1_000000000000000_C3_29_09K56B$70$8RAR$922941$aORPH$bORPH$cKTS1_C3$d2023-09-12$eKoopman$l0$oKTS1 C3.29 09K56b$p20145800b$r2023-09-12 00:00:00$w2023-09-12$ySCO
=999  \\$d21659

