=LDR  01141nam a2200241 a 4500
=001  21663
=005  20251103124736.0
=008  230922s2018\\\\be\af|||\m|||\00|\0\eng\d
=041  0\$aeng$adut
=100  \\$aCaruso, Giusy$d1976-$4aut$926513
=245  10$aMirroring the Intentionality and Gesture of a Piano Performance.$bAn Interpretation of 72 Études karnatiques pour Piano 
=260  \\$aGhent$bUniversiteit Gent$c2018
=300  \\$axxvii-240 pages
=502  \\$aA dissertation submitted in partial fulfilment of the requirements for the degree of Doctor of Arts: Music
=518  \\$oVerdediging$d31/05/2018
=546  \\$aMet samenvatting in het Nederlands
=650  \0$1http://www.wikidata.org/entity/Q5994$aPiano$92127
=650  \0$1http://www.wikidata.org/entity/Q1668139$aMusical interpretation$94533
=700  \\$aLeman, Marc$d1958-$4ctb$917071
=710  \\$aUniversiteit Gent (Ghent, Belgium)$1http://www.wikidata.org/entity/Q1137665$922544
=942  \\$cDIS
=952  \\$00$10$2ddc$40$6INS_3_000000000000000_3D_CARU$70$8INS$922953$aORPH$bORPH$cKTS0$d2023-09-22$l0$oINS3.3d CARU$p20134679$r2023-09-22 00:00:00$w2023-09-22$yDIS
=999  \\$d21663

