=LDR  02033nam a22002177a 4500
=001  21666
=008  230927s2014\\\\||||||||\||||\00|\0\eng\d
=020  \\$a9781856049641
=041  \\$aeng
=245  \\$aLinked Data for Libraries, Archives and Museums:$bHow to Clean, Link and Publish your Metadata
=260  \\$aLondon$bFacet$c2014
=300  \\$axvii-254 pages
=520  \\$aLibraries, archives and museums are facing up to the challenge of providing access to fast growing collections whilst managing cuts to budgets. Key to this is the creation, linking and publishing of good quality metadata as Linked Data that will allow their collections to be discovered, accessed and disseminated in a sustainable manner. Metadata experts Seth van Hooland and Ruben Verborgh introduce the key concepts of metadata standards and Linked Data and how they can be practically applied to existing metadata, giving readers the tools and understanding to achieve maximum results with limited resources. Readers will learn how to critically assess and use (semi-)automated methods of managing metadata through hands-on exercises within the book and on the accompanying website. Each chapter is built around a case study from institutions around the world, demonstrating how freely available tools are being successfully used in different metadata contexts. This handbook delivers the necessary conceptual and practical understanding to empower practitioners to make the right decisions when making their organisations’ resources accessible on the Web.
=650  \0$1http://www.wikidata.org/entity/Q7075$aLibrary$94229
=650  \0$1http://www.wikidata.org/entity/Q39645$aSemantics$924860
=650  \0$1http://www.wikidata.org/entity/Q21198$aComputer science$92375
=700  1\$4aut$aHooland, Seth van$926525
=700  1\$4aut$aVerborgh, Ruben$926526
=942  \\$cBOO
=952  \\$00$10$2ddc$40$6BIB_1_000000000000000_HOOL$70$8BIB$922956$aORPH$bORPH$cKTS0$d2023-09-26$l1$m3$oBIB1 HOOL$p20145830$r2024-06-03 00:00:00$s2023-09-27$w2023-09-27$yBOO
=999  \\$d21666

