=LDR  02396cam a2200313 i 4500
=001  21667
=008  190803t20192019gw\adg\\\b\\\\001\0\ger\d
=020  \\$a9783955930851
=041  1\$aeng$ager
=245  00$aLive electronics im/in SWR Experimentalstudio
=246  31$aLive electronics im the SWR Experimentalstudio
=246  31$aLive electronics in the SWR Experimentalstudio
=260  \\$aHofheim$bWolke$c2019
=300  \\$a388 pages$billustrations, charts, music
=504  \\$aIncludes bibliographical references and index.
=520  \\$a"Two events in music history had revolutionary consequences: the creation of notation and the invention of electronic sound. The initial stages of electronic music brought about new musical instruments like the theremin, the electric guitar and the synthesizer. In the digital age, the computer has itself become a musical instrument, with the invention of live electronics providing traditional instruments, such as the violin or piano, with new, unimagined sonic possibilities. The SWR Experimentalstudio in Freiburg, Germany, has been a primary catalyst in the development of live-electronic music, enabling influential composers such as Karlheinz Stockhausen, Pierre Boulez, John Cage, Luigi Nono, Mark Andre, Georg Friedrich Haas and Chaya Czernowin to create milestones of music history. Today, almost 50 years after its founding, the SWR Experimentalstudio remains a world leader in music technology research and contemporary music creation."--Editors' website.
=546  \\$aIncludes texts in English and German; forewords in both languages.
=610  20$aExperimentalstudio für Akustische Kunst$926527
=650  \0$aElectronic music
=650  \0$aMusic history$1http://www.wikidata.org/entity/Q846047$921373
=650  \0$aMusic criticism$1http://www.wikidata.org/entity/Q11748889$921598
=700  1\$aBiro, Daniel$d1969-$4edt$926528
=700  \\$aGoldman, Jonathan$d-1972$4edt$918855
=700  1\$aStratz, Constanze$4edt$926529
=700  1\$aHeusinger, Detlef$4edt$926530
=942  \\$cBOO
=952  \\$00$10$2ddc$40$6GEN_21_000000000000000$70$8GEN$922957$aORPH$bORPH$cKM12_1$d2023-09-22$g34.00$l0$oGEN21$p20145831$r2023-09-27 00:00:00$w2023-09-27$yBOO
=952  \\$00$10$2ddc$40$6GEN_21_000000000000000$70$8GEN$922997$aORPH$bORPH$cKM12_1$d2023-10-11$g33.69$l1$oGEN21$p20145925$r2023-11-14 00:00:00$s2023-10-23$w2023-09-27$yBOO
=999  \\$d21667

