=LDR  03962cam a2200385 i 4500
=001  21668
=008  190701i20182025enkabc\\\b\\\\001\0beng\d
=020  \\$a9781783271504$q(volume 1)
=020  \\$a9781783271511$q(volume 2)
=020  \\$a9781783271528$q(volume 3)
=020  \\$a9781783276219$q(volume 4)
=020  \\$a9781837651023$q(volume 5)
=041  1\$aeng$hger
=100  \\$aBeethoven, Ludwig van$d1770-1827$1http://www.wikidata.org/entity/Q255$4aut$95335
=245  10$aBeethoven's Conversation Books
=260  \\$aWoodbridge, Suffolk$bThe Boydell Press$c2018-2025
=300  \\$a5 vols. (xxxvii-384+xxxvii-411+xxxvii-419+xli-332+xlv-418 pages)$billustrations, maps, portraits
=504  \\$aIncludes bibliographical references and index.
=505  \\$gVol. 1$tNos 1 to 8 (February 1818 to March 1820)$gVol. 2$tNos 9 to 16 (March 1820 to September 1820)$gVol. 3$tNos 17 to 31 (May 1822 to May 1823)$gVol. 4$tNos 32 to 43 (May 1823 to September 1823)$gVol. 5$tNos 44 to 59 (October 1823 to March 1824)
=520  \\$a"Ludwig van Beethoven (1770-1827) is recognized the world over as a composer of musical masterpieces exhibiting heroic strength, particularly in the face of his increasing deafness from ca. 1798. By 1818, the Viennese composer had begun carrying blank booklets with him, for his acquaintances to jot their sides of conversations, while he answered aloud. Often, he himself used the pocket-sized booklets to make shopping lists and other reminders, including occasional early sketches for his compositions. Today, 139 of these booklets survive, covering the years 1818 up to the composer's death in 1827 and including such topics as music, history, politics, art, literature, theatre, religion, and education as perceived on a day-to-day basis in post-Napoleonic Europe. An East German edition, begun in the 1960s and essentially complete by 2001, represents a diplomatic transcription of these documents. It is a masterpiece of pure scholarship but is difficult to use for anyone who is not a specialist. Moreover, Beethoven scholarship has moved on significantly since the long-ranging genesis of the German edition. These important booklets are here translated into English in their entirety for the first time. The volumes in this series include an updated editorial apparatus, with revised and expanded notes and many new footnotes exclusive to this edition, and brand new introductions, which together place many of the quickly changing conversational topics into context"--Publisher's description.
=648  \0$1http://www.wikidata.org/entity/Q6955$a19th Century (1801-1900)$920935
=650  \0$aComposer$1http://www.wikidata.org/entity/Q36834$93625
=650  \0$aCorrespondence$1http://www.wikidata.org/entity/Q1784733$921392
=650  \0$aBiography$1http://www.wikidata.org/entity/Q36279$91927
=650  \0$aDeafness$1http://www.wikidata.org/entity/Q12133$926372
=651  \0$aAustria$1http://www.wikidata.org/entity/Q40$9202
=700  1\$aAlbrecht, Theodore$4edt$4trl$926531
=765  08$tLudwig van Beethovens Konversationshefte
=942  \\$cBOO
=952  \\$00$10$2ddc$3Vol. 2$40$6BIO_BEET_A$70$8BIO$922958$aORPH$bORPH$cKTS1_P$d2023-09-14$l0$oBIO BEET a$p20145832$r2023-09-27 00:00:00$w2023-09-27$yBOO
=952  \\$00$10$2ddc$3Vol. 3$40$6BIO_BEET_A$70$8BIO$922959$aORPH$bORPH$cKTS1_P$d2023-09-14$l0$oBIO BEET a$p20145833$r2023-09-27 00:00:00$w2023-09-27$yBOO
=952  \\$00$10$2ddc$3Vol. 1$40$6BIO_BEET_A$70$8BIO$926625$aORPH$bORPH$cKTS1_P$d2025-04-25$l1$oBIO BEET a$p20144185$q2025-10-23$r2025-04-28 15:39:10$s2025-04-28$w2023-09-27$yBOO
=952  \\$00$10$2ddc$3Vol. 4$40$6BIO_BEET_A$70$8BIO$926626$aORPH$bORPH$cKTS1_P$d2025-04-25$l1$oBIO BEET a$p20144186$q2025-10-23$r2025-04-28 15:39:14$s2025-04-28$w2023-09-27$yBOO
=952  \\$00$10$2ddc$3Vol. 5$40$6BIO_BEET_A$70$8BIO$926627$aORPH$bORPH$cKTS1_P$d2025-04-25$l1$oBIO BEET a$p20144187$q2025-10-23$r2025-04-28 15:39:18$s2025-04-28$w2023-09-27$yBOO
=999  \\$d21668

