=LDR  01055ncm a22002417a 4500
=001  21669
=008  230928s1993\\\\|||gh|||\||||\00|\0\spa\d
=020  \\$a9788478201679
=041  \\$aspa
=100  \\$4aut$4trc$aMuntané, Maricarmen Gomez$917047
=245  \\$aPolifonía de la Corona de Aragón, siglos XIV y XV :$bars nova de la Corona de Aragón
=260  \\$aSaragossa$c1992
=300  \\$a100 pages
=490  \\$aPolifonia Aragonesa$vVIII
=505  \\$gManuscrito 2 de la Bibliotexa del Orféo Català (Misa)$gManuscrito 109 del Archivo Diocesano de Solsona (Fragmentos del Ordinario)
=650  \0$1http://www.wikidata.org/entity/Q87167$aManuscript$92275
=650  \0$1http://www.wikidata.org/entity/Q217295$aMass$92735
=650  \0$1http://www.wikidata.org/entity/Q233861$aNotation$91964
=651  \0$1http://www.wikidata.org/entity/Q29$aSpain$920983
=710  2\$4edt$aInstitución "Fernando el Católico"$926533
=942  \\$cBOO
=952  \\$00$10$2ddc$40$70$922960$aORPH$bORPH$d2023-09-28$l0$p20134723$r2023-09-28 00:00:00$w2023-09-28$yBOO
=999  \\$d21669

