=LDR  01090ccm a2200241 a 4500
=001  21670
=008  861229s1988\\\\nyumoa\\\\\\\\\n\\\\eng\\
=020  \\$a0824006453
=041  \\$aeng$dlat
=059  \\$av bc
=245  00$aRome III
=260  \\$aNew York$bGarland$c1988
=300  \\$axviii-[232] pages
=490  \\$aSolo Motets from the Seventeenth Century : Facsimiles of Prints from the Italian Baroque$v10
=505  \\$aIl quarto libro de motetti a voce sola op. 10 -- Partitura del quinto libro de motetti a voce sola op. 16 -- Sacrae cantiones una tantum voce cum organo decantandae op. 19 / Bonifazio Graziani
=534  \\$aWorks occuring in this series were originally published in 1621-1695
=648  \0$1http://www.wikidata.org/entity/Q7016$a17th Century (1601-1700)$920923
=650  \0$aMotet$1http://www.wikidata.org/entity/Q188285$92028
=651  \0$1http://www.wikidata.org/entity/Q38$aItaly$922
=700  \\$aSchnoebelen, Anne$4win$910151
=942  \\$cSCO
=952  \\$00$10$2ddc$40$70$922961$aORPH$bORPH$d2023-09-29$l0$p20124811$r2023-09-29 00:00:00$w2023-09-29$ySCO
=999  \\$d21670

