=LDR  01015ccm a2200241 a 4500
=001  21674
=008  861229s1987\\\\nyumoa\\\\\\\\\n\\\\eng\\
=020  \\$a0824006372
=041  \\$aeng$dlat
=059  \\$av bc
=245  00$aNorthern Italy I
=260  \\$aNew York$bGarland$c1987
=300  \\$axiv-84-149 pages
=490  \\$aSolo Motets from the Seventeenth Century : Facsimiles of Prints from the Italian Baroque$v2
=505  \\$aMotetti a voce sola ... libro primo / Franceso Turini -- Motetti a voce sola op. 12 / Giovanni Battista Bassani
=534  \\$aWorks occuring in this series were originally published in 1621-1695
=648  \0$1http://www.wikidata.org/entity/Q7016$a17th Century (1601-1700)$920923
=650  \0$aMotet$1http://www.wikidata.org/entity/Q188285$92028
=651  \0$1http://www.wikidata.org/entity/Q38$aItaly$922
=700  \\$aSchnoebelen, Anne$4win$910151
=942  \\$cSCO
=952  \\$00$10$2ddc$40$70$922965$aORPH$bORPH$d2023-09-29$l0$p20124808$r2023-09-29 00:00:00$w2023-09-29$ySCO
=999  \\$d21674

