=LDR  01474aam a2200241   4500
=001  21685
=008  231006s1622\\\\|||a||||\||||\00|\p\dut\d
=041  \\$adut
=100  \\$aCats, Jacob$d1577-1660$4aut$1http://www.wikidata.org/entity/Q46151$95081
=245  \\$aTooneel van de Mannelicke Achtbaerheyt
=260  \\$aMiddelburg$bHellen, van der$c1622
=300  \\$a[11]-58-[11] pages$b7 vols. by Cats in a 19th c. binding
=500  \\$awith several engravings
=501  \\$aBound in with: Proteus ofte Minne-beelden verandert in Sinne-beelden / Emblemata (in linguam anglicam transfusa) / Emblemata moralia et aeconomia / Argumentum Anna & Phyllis / Galathee ofte harder minne-klachte / Self-strydt 
=590  \\$aAen-gewesen in de Voor-sprake, teghen sprake, ende uyt-sprake, gedaen Over de weygeringhe van Koninginne Vasthi, aen de Ghesanten des Konincx Assuerus. Tot verbeteringe van de huys-ghebreken dese eeuwe. 
=648  \0$1http://www.wikidata.org/entity/Q7016$a17th Century (1601-1700)$920923
=650  \0$aPoetry$1http://www.wikidata.org/entity/Q482$93026
=650  \0$aMoral education$1http://www.wikidata.org/entity/Q25457248$93171
=651  \0$1http://www.wikidata.org/entity/Q55$aNetherlands$9173
=773  \\$021683$tDichtwerken van Jacob Cats$w21683
=942  \\$cBOO
=952  \\$00$10$2ddc$40$6KTS_1_000000000000000_C3_32_02E01G$70$922983$aORPH$bORPH$cKTS1_C3$d2023-10-06$eKoopman$l0$oKTS1 C3.32 02E01g$p20145897g$r2023-10-06 00:00:00$w2023-10-06$yBOO
=999  \\$d21685

