=LDR  02985aam a2200241   4500
=001  21690
=005  20250925143310.0
=008  120315r20011997\\\\\\\\\\\\\\\\\\0\ger\d
=020  \\$a9783458170686
=041  \\$ager$hfre
=100  \\$aVon der Weid, Jean-Noël$4aut$919123
=245  \\$aDie Musik des 20. Jahrhunderts:$bEin Handbuch
=260  \\$aFrankfurt am Main$aLeipzig$bInsel$c2001
=300  \\$a743 pages
=520  \\$aAus dem Französischen von Andreas Ginhold. Vorwort von Mauricio Kagel. Jean-Noel von der Weid stellt die Entwicklung der neuen Musik des 20. Jahrhunderts dar, von Debussys "Nachmittag eines Fauns" bis zur "Medea" (1999-2001) von Michele Reverdy (geb. 1943), nach einem Text von Christa Wolf. Mehr als 300 Komponisten und ihre Werke werden in diesem Handbuch charakterisiert. In die durchgehende Darstellung der Musikentwicklung sind Abschnitte eingefügt, die Fachbegriffe erklären, besondere Themen und musikalische Techniken beschreiben, historische Verläufe zusammenfassen oder musikprogrammatische Texte zitieren. Bibliografien, Diskografien und Videografien beschließen jedes Kapitel. Damit dient von der Weids Buch als Einführung und Nachschlagewerk zugleich.
musique qui se crée, s'adresse au spécialiste comme au profane : les notions clés, les techniques, les instruments, les centres de création, les instituts et les studios informatiques font l'objet de " zooms " sous forme d'encadrés, les compositeurs et les musiciens, de notices biographiques ; chaque ?uvre est analysée, commentée (une cinquantaine de reproductions d'autographes originaux permettent également de suivre l'évolution de la notation musicale). L'ouvrage, organisé par pays - la France ou l'Allemagne, le Canada ou la Chine, la Serbie ou l'Islande - n'oublie pas le contexte dans lequel s'inscrit cette création foisonnante - les tournants historiques expliquent souvent les mouvements esthétiques. Sa présentation efficace et particulièrement claire, étayée par une discographie
sélective, une bibliographie multilingue et un index détaillé de plus de 6 000 entrées, son contenu savant et rigoureux font de La musique du XXe siècle l'outil indispensable au lecteur qui recherche des informations précises. L'ouvrage de Jean-Noël von der Weid offre, pour la première fois, le panorama
complet et érudit d'un siècle de création musicale dont l'extraordinaire vitalité irrigue déjà les esthétiques du nouveau millénaire
=648  \0$a20th Century (1901-2000)$1http://www.wikidata.org/entity/Q6927$920936
=650  \0$aMusic history$1http://www.wikidata.org/entity/Q846047$921373
=700  \\$aGinhold, Andreas$4trl$926613
=700  \\$aKagel, Mauricio$d1931-2008$1http://www.wikidata.org/entity/Q178293$4win$916378
=765  \\$aLa musique du XXe siècle
=942  \\$cBOO
=952  \\$00$10$2ddc$40$6GHM_7_000000000000000$70$8GHM$922993$aORPH$bORPH$cKM12_1$d2023-10-10$l1$oGHM7$p20145923$r2024-01-19 00:00:00$s2023-10-23$w2023-10-23$yBOO
=999  \\$d21690

