=LDR  02408nam a22002417a 4500
=001  21691
=005  20251001162314.0
=008  231023r20212014|||a||||\||||\00|\0\eng\d
=020  \\$a9781628927696
=041  \\$aeng
=100  \\$aToop, David$4aut$919331
=245  \\$aInto the Maelstrom:$bMusic, Improvisation and the Dream of Freedom, before 1970
=260  \\$aNew York$aLondon$bBloomsbury$c2021
=300  \\$a330 pages
=520  \\$aIn this first installment of acclaimed music writer David Toop's interdisciplinary and sweeping overview of free improvisation, Into the Maelstrom: Music, Improvisation and the Dream of Freedom: Before 1970 introduces the philosophy and practice of improvisation (both musical and otherwise) within the historical context of the post-World War II era. Neither strictly chronological, or exclusively a history, Into the Maelstrom investigates a wide range of improvisational tendencies: from surrealist automatism to stream-of-consciousness in literature and vocalization; from the free music of Percy Grainger to the free improvising groups emerging out of the early 1960s (Group Ongaku, Nuova Consonanza, MEV, AMM, the Spontaneous Music Ensemble); and from free jazz to the strands of free improvisation that sought to distance itself from jazz. In exploring the diverse ways in which spontaneity became a core value in the early twentieth century as well as free improvisation's connection to both 1960s rock (The Beatles, Cream, Pink Floyd) and the era of post-Cagean indeterminacy in composition, Toop provides a definitive and all-encompassing exploration of free improvisation up to 1970, ending with the late 1960s international developments of free music from Roscoe Mitchell in Chicago, Peter Brötzmann in Berlin and Han Bennink and Misha Mengelberg in Amsterdam.
=648  \0$a20th Century (1901-2000)$1http://www.wikidata.org/entity/Q6927$920936
=650  \0$aCultural history$1http://www.wikidata.org/entity/Q858517$922395
=650  \0$aMusic history$1http://www.wikidata.org/entity/Q846047$921373
=650  \0$aImprovisation$1http://www.wikidata.org/entity/Q1049625$93640
=650  \0$aMusic philosophy and aesthetics$1http://www.wikidata.org/entity/Q2092865$921165
=942  \\$cBOO
=952  \\$00$10$2ddc$40$6AES_TOOP$70$8AES$922994$aORPH$bORPH$cKM12_1$d2023-10-11$l1$oAES TOOP$p20145924$q2024-04-19$r2023-10-23 00:00:00$s2023-10-23$w2023-10-23$yBOO
=999  \\$d21691

