=LDR  01904nam a22002537a 4500
=001  21692
=005  20250925143310.0
=008  231023s2023\\\\||||||||\||||\00|\0bdut\d
=020  \\$a9789464759365
=041  \\$adut
=100  \\$aHuys, Johan$d1942-$1http://www.wikidata.org/entity/Q52186632$4aut$922550
=245  \\$aIk ben Luc, componist:$bLuc Brewaeys, zijn leven en werk
=260  \\$aGent$bBorgerhoff & Lamberigts$c2023
=520  \\$aHij was componist, pianist, dirigent, muziekregisseur, pedagoog en een onverbeterlijke moppentapper. Hij hield van whisky, sigaren en gezellig tafelen. Hij kende maar liefst acht talen, was gehuwd en liefhebbende vader van twee dochters. Hij vond dat muziek wiskunde was, hield niet van Mozart, Schubert en Shostakovich, maar vond Beethoven het grootste muzikale genie aller tijden.
Luc Brewaeys (1959-2015) was uitzonderlijk begaafd, componeerde compromisloze muziek en zal herinnerd worden als een van de meest getalenteerde naoorlogse Vlaamse componisten. Op basis van getuigenissen van Lucs naasten en vanuit talloze invalshoeken toont dit boek ons wie Brewaeys echt was. Het is een eerbetoon aan een veelzijdig, exuberant en intrigerende persoon, een onmisbaar portret voor elke muziekliefhebber.
=600  \0$aBrewaeys, Luc$917656
=648  \0$a20th Century (1901-2000)$1http://www.wikidata.org/entity/Q6927$920936
=648  \0$a21st Century (2001-2100)$1http://www.wikidata.org/entity/Q6939$920812
=650  \0$aComposer$1http://www.wikidata.org/entity/Q36834$93625
=650  \0$aBiography$1http://www.wikidata.org/entity/Q36279$91927
=650  \0$aMusic history$1http://www.wikidata.org/entity/Q846047$921373
=651  \0$aFlanders (Belgium)$1http://www.wikidata.org/entity/Q234$989
=942  \\$cBOO
=952  \\$00$10$2ddc$40$6BIO_BREW_D$70$8BIO$922995$aORPH$bORPH$cKTS1_P$d2023-10-10$l0$oBIO BREW d$p20145926$r2023-10-23 00:00:00$w2023-10-23$yBOO
=999  \\$d21692

