=LDR  03430nam a22003617a 4500
=001  21693
=008  231024m\\\\\\\\|||a||||\||||\00|\m\\\\\d
=100  \\$aCats, Jacob$d1577-1660$1http://www.wikidata.org/entity/Q46151$95081
=245  \\$a[Works by Cats]
=260  \\$as.l.$bs.n.$c?1759
=300  \\$bBound in white vellum, illustrations, engraved frontispieces$a174-26-26-120-[20]-32-[4]-15-[15]-76-[2]-32-10-[4]-82 pages
=500  \\$aProbable date of publication of this collection of works by Cats in pensil on frontmatter
=500  \\$athe spine only mentions (in manuscript) the first work in the collection 
=500  \\$a"Spiegel van den Ouden en Nieuwen Tijdt. Van nieuws oversien, vermeerdert en verbetert." With (undated) introduction by Cats on this revised edition. Facsimile of first edition see LIT CATS a
=500  \\$a"Koninglicke Harderin, Aspasia, Bly-endigh-spel. Vertoont op d'Amsterdamse Schouwburgh, 1656" contains beautiful engraved frontispiece
=500  \\$a"Selfstryt, dat is onderlinge worstelinge van goede en quade gedachten. Van nieuws vermeerdert. Militat omnis Homo"
=500  \\$a"Selfstryt, dat is krachtige beweginge van vlees en geest. Poëtischer wijse voorgestelt, in de persoon en op de gelegenheyt van Joseph Ten tijde van Potiphars Huysvrouwe wierdt versocht tot overspel."
=500  \\$a"Toneel der mannelicke achterbaerheyt, Aengewesen in de Voorsprake, Tegensprake, en Uytsprake, over de weygeringe van de Koninginne Vasthi, Aen de Gesanten des Konincks Assuerus. Tot verbeteringe van de Huysgebreken deser eeuwe."
=500  \\$a"Hofgedachten, Dat is, Invallen by gelegenheydt; Of Op 't gesichte van Boomen, Planten, Bloemen, Kruyden, en diergelijcke Aerdtgewassen. Verweckt, in 't buyten-Leven, van den Schrijver op Sorghvliet."
=500  \\$a"Afbeeldinge van't huwelick, en 't geen daer is, onder de gedaente van een fuyck"
=500  \\$a"Doodtkiste voor de levendige, of Sinnebeelden uyt Godes Woordt; Aenwijsende de kortwijligheydt, ydelheydt en onseeckerheydt van 't menschelick bedrijf. Psalm 90.12. Leert ons onse dagen tellen, op dat wy een wijs herte bekomen."
=505  \\$gSpiegel van den ouden en nieuwen tyt -- Koninklijke harderin Aspasia -- Invallende gedachten op voorvallende gelegenheden -- Sinne en minnebeelden -- Selfstryt, dat is onderlinge worstelinge van goede en quade gedachten -- Selfstryt, dat is krachtige beweginge van vlees en geest -- Toneel der mannelicke achterbaerheyt -- Ouderdom, buytenleven en hofgedachten op Sorghvliet -- Hofgedachten, Dat is, Invallen by gelegenheydt -- Afbeeldinge van't huwelick -- Doodtkiste voor de levendige
=561  \\$aEx Libris Theophili Pauli Christii Coburgensis (Manuscript)
=648  \0$a17th Century (1601-1700)$1http://www.wikidata.org/entity/Q7016$920923
=650  \0$aEmblem$1http://www.wikidata.org/entity/Q112110$93250
=650  \0$aIconography$1http://www.wikidata.org/entity/Q208145$921259
=650  \0$aMoral education$1http://www.wikidata.org/entity/Q25457248$93171
=650  \0$aPoetry$1http://www.wikidata.org/entity/Q482$93026
=650  \0$aPlay (theater)$1http://www.wikidata.org/entity/Q25379$921414
=651  \0$aNetherlands$1http://www.wikidata.org/entity/Q55$9173
=942  \\$cBOO
=952  \\$00$10$2ddc$40$6KTS_1_000000000000000_C3_33_04I01$70$8RAR$923003$aORPH$bORPH$cKTS1_C3$d2023-10-24$eKoopman$l0$oKTS1 C3.33 04I01$p20145932$r2023-10-24 00:00:00$w2023-10-24$yBOO
=999  \\$d21693

