=LDR  01626nam a22003137a 4500
=001  21694
=008  231024s1803\\\\|||g||||\||||\00|\0\fre\d
=059  \\$av
=245  \\$aCantiques pour le culte public, recueillis et imprimés par ordre du Synode Wallon
=260  \\$a1804$bBlussé & Fils$cDordrecht
=300  \\$aviii-200 pages$bleather bound, embossed cover, contains musical notation
=501  \\$aBound in with 'La Sainte Bible'
=648  \0$a19th Century (1801-1900)$1http://www.wikidata.org/entity/Q6955$920935
=650  \0$aProtestantism$1http://www.wikidata.org/entity/Q23540$921012
=650  \0$aVocal music$1http://www.wikidata.org/entity/Q685884$93319
=650  \0$aChurch music$1http://www.wikidata.org/entity/Q8812109$92283
=650  \0$aLiturgy$1http://www.wikidata.org/entity/Q172331$92284
=650  \0$aPrayer$1http://www.wikidata.org/entity/Q40953$921486
=651  \0$aNetherlands$1http://www.wikidata.org/entity/Q55$9173
=700  \\$aGeraud, Samuel$d1749-1826$4edt$98461
=700  \\$aRau, Sébald Fulco Jean$d1765-1807$1http://www.wikidata.org/entity/Q3476845$4edt$98462
=700  \\$aHuët, Pierre Daniel$d1761-1810$4edt$924223
=700  \\$aL'Ange, Josué Teissèdre$d1771-1853$4edt$98464
=700  \\$aLennep, David Jacob van$c1774-1853$1http://www.wikidata.org/entity/Q1174851$4edt$926617
=700  \\$aTitsingh, Guillaume$4edt$926618
=773  \\$0881$tLa Sainte Bible$w881
=942  \\$cBOO
=952  \\$00$10$2ddc$40$6KTS_1_000000000000000_C3_33_04I04$70$8RAR$923006$aORPH$bORPH$cKTS1_C3$d2023-10-24$eKoopman$l0$oKTS1 C3.33 04I04$p20145933b$r2023-10-24 00:00:00$w2023-10-24$yBOO
=999  \\$d21694

