=LDR  00961njm a22002297a 4500
=001  21707
=005  20250925143310.0
=008  231107b\\\\\\\\||||||||\||||\00|\0\eng\d
=024  \\$2Winner$a3216
=041  \\$aeng
=110  \\$aRoyal Court Orchestra (United Kingdom)$4prf$926667
=245  \\$aArlette
=260  \\$aUnited Kingdom$bWinner$cc. 1918
=300  \\$ashellac record, 78 rpm$c10"
=648  \0$a20th Century (1901-2000)$1http://www.wikidata.org/entity/Q6927$920936
=650  \0$aPopular music$1http://www.wikidata.org/entity/Q373342$922015
=650  \0$aOperetta$1http://www.wikidata.org/entity/Q170384$921651
=650  \0$aArrangement$1http://www.wikidata.org/entity/Q379755$94282
=651  \0$aUnited Kingdom$1http://www.wikidata.org/entity/Q21$9273
=942  \\$cREC
=952  \\$00$10$2ddc$40$6REC_10_000000000000000_ROYA$70$8REC$923043$aORPH$bORPH$cKM12_2_B$d2020-09-25$eKoopman$l0$oREC 10 ROYA$p20132186$r2023-11-07 00:00:00$w2023-11-07$yREC
=999  \\$d21707

