=LDR  01911nam a22002417a 4500
=001  21712
=005  20250925143310.0
=008  231114s2023\\\\|||ag|||\||||\00|\0deng\d
=020  \\$a9780993337352
=041  \\$aeng
=100  1\$aSnijders, John$1http://www.wikidata.org/entity/Q2223129$4aut$926677
=245  \\$aIxion:$bMorten Feldman, Notation, Performance Practice and Jackson Pollock
=260  \\$aLondon$bMarmalade$c2023
=300  \\$a247 pages
=520  \\$aBetween 1950 and 1968 the American composer Morton Feldman completed a number of works that experimented with using a radically new musical notational system of drawn extended grids, filled with numbers instead of pitches. These pieces were influenced by Feldman’s involvement with the New York school of the Abstract Expressionist painters, especially the work of Jackson Pollock, Philip Guston and Mark Rothko. Ixion explores the artistic ideas underpinning Abstract Expressionism and Feldman's graphic scores, focusing mainly on the work 'Ixion', a composition made for Merce Cunningham’s 1958 dance piece Summerspace, with set and costumes design by Robert Rauschenberg. John Snijders is associate Professor of Music Performance at Durham University, pianist and leader of the Ives Ensemble, Netherlands. Series editor: Gordon Shrigley.
=600  \0$aFeldman, Morton$d1926-1987$1http://www.wikidata.org/entity/Q316427$917012
=648  \0$a20th Century (1901-2000)$1http://www.wikidata.org/entity/Q6927$920936
=650  \0$aArtistic research$1http://www.wikidata.org/entity/Q20827087$921804
=650  \0$aMusic history$1http://www.wikidata.org/entity/Q846047$921373
=650  \0$aMusical analysis$1http://www.wikidata.org/entity/Q1544924$92775
=942  \\$cBOO
=952  \\$00$10$2ddc$40$6BIO_FELD_E$70$8BIO$923053$aORPH$bORPH$cKTS1_P$d2023-10-28$l1$oBIO FELD e$p20146006$q2024-05-11$r2023-11-14 00:00:00$s2023-11-14$w2023-11-14$yBOO
=999  \\$d21712

