=LDR  02886cam a2200277ui 4500
=001  21713
=005  20250925143310.0
=008  210810t2022\\\\enk\\\\||b\\\|001\||eng|d
=020  \\$a9781350247901
=041  \\$aeng
=100  \\$aSimons, Massimiliano$d1992-$1http://www.wikidata.org/entity/Q89468739$4aut$926678
=245  10$aMichel Serres and French Philosophy of Science :$bMateriality, Ecology and Quasi-Objects
=260  \\$aLondon$bBloomsbury Academic$c2022
=300  \\$a[vi]-245 p.ages
=490  \\$aMichel Serres and Material Futures
=504  \\$aIncludes bibliographical references (pages 224-239) and index.
=505  0\$aIntroduction -- Surrationalism after Bachelard: Michel Serres and 'le nouveau nouvel esprit scientifique' -- Michel Serres and the epistemological break -- Purification as a practice of the self -- French object-oriented philosophy in the 1970s: Serres, Dagognet, Latour -- Brewers of time: Michel Serres and modernity -- Thanatocracy and the anthropology of science -- The secularization of science -- The parliament of things and the Anthropocene: How to listen to quasi-objects -- Notes -- Bibliography -- Index.
=520  \\$a"Massimiliano Simons provides the first systematic study of Serres's work in the context of twentieth-century French philosophy of science. By proposing new readings of Serres's philosophy, he creates a synthesis between his predecessors, Gaston Bachelard, Georges Canguilhem, and Louis Althusser as well as contemporary Francophone philosophers of science such as Bruno Latour and Isabelle Stengers. Simons situates Serres's unique contribution through his notion of the quasi-object, a concept, he argues, that organizes great parts of Serres's work into a promising philosophy of science as well as providing a challenge to the narrower field of French epistemology, to which it has often been limited. Showing how Serres's philosophy can serve as a normative approach to science and technology, 'Michel Serres and French Philosophy of Science' takes in themes of materiality, religiosity, modernity and ecology to advance a timely alternative to philosophy of science for contemporary life."--
=545  0\$aMassimiliano Simons: postdoctoral researcher at the Sarton Centre for History of Science at Ghent University, Belgium.
=600  \0$aSerres, Michel$d1930-2019$1http://www.wikidata.org/entity/Q364456$916516
=648  \0$a20th Century (1901-2000)$1http://www.wikidata.org/entity/Q6927$920936
=650  \0$aPhilosophy$1http://www.wikidata.org/entity/Q5891$92357
=942  \\$cBOO
=952  \\$00$10$2ddc$40$6PHI_SERR_B_SIMO$70$8SCI$923054$aORPH$bORPH$cKM12_3_2$d2023-10-25$l0$oPHI SERR b SIMO$p20146005$r2023-11-14 00:00:00$w2023-11-14$yBOO
=952  \\$00$10$2ddc$40$6PHI_SERR_B_SIMO$70$8SCI$923055$aORPH$bORPH$cKM12_3_2$d2023-10-25$l0$oPHI SERR b SIMO$p20146032$r2023-11-14 00:00:00$w2023-11-14$yBOO
=999  \\$d21713

