=LDR  01543nam a22003017a 4500
=001  21724
=008  231117s2023\\\\|||g||||\||||\00|\0\eng\d
=020  \\$a9783837668865
=041  \\$aeng
=044  \\$aDE
=100  \\$aManca, Tiziano$1https://orcid.org/0000-0002-8799-1569$4First author
=245  \\$aBefore Sound: Re-Composing Material, Time, and Bodies in Music
=250  \\$a1st ed.
=260  \\$aBielefeld$btranscript Verlag$c2023
=300  \\$a196 pages
=366  \\$b20231024
=490  \\$aMusik und Klangkultur
=506  \\$aClosed
=520  \\$aIn Before Sound, composer Tiziano Manca investigates the premises for and consequences of a major change in his compositional practice: this change emphasizes the temporality of sound and, more recently, the relationship between sounding body and musician. It calls into question the traditional conception of composition and its relation to sound material. Accordingly, Manca examines the theoretical and aesthetic reasons for this shift by interweaving aesthetic reflection on his work with historical research on the notion of musical material and the theory of sound production.
=591  \\$a1
=610  \0$aWriting the Flow: Time, Rhythm and Western Music Notation
=650  \0$aComposing
=650  \0$aArtistic research
=650  \0$aSound
=856  \\$u10.14361/9783839468869
=942  \\$cBOO
=952  \\$00$10$2ddc$40$6MTP_2_000000000000000_MANC$70$8MTP$923070$aORPH$bORPH$cKM12_1$d2023-11-09$l0$oMTP2 MANC$p20146023$r2023-11-27 00:00:00$v47.00$w2023-11-27$yBOO
=999  \\$d21724

