=LDR  01499cam a22002537i 4500
=001  21727
=008  170418s2017\\\\be\ag\\\\b\\\\001\0deng\d
=020  \\$a9789042933408
=041  \\$aeng
=100  1\$aHorton, Julian$4aut$926768
=245  10$aBrahms' Piano Concerto No. 2, op. 83:$bAnalytical and Contextual Studies
=260  \\$aLeuven$bPeeters$c2017
=300  \\$axi-366 pages
=490  \\$aAnalysis in Context. Leuven Studies in Musicology$v4
=504  \\$aIncludes bibliographical references (pages 351-360) and index.
=520  8\$aThis book offers a detailed analytical study of Brahms' Piano Concerto No. 2, Op. 83. It develops a theoretical model for analyzing nineteenth-century instrumental forms, which elucidates Op. 83 in the context of Brahms' concerted works, their precedents in the broader intertextual network of post-classical piano concerti, and their subsequent influence on concerti from Reger to Schoenberg.
=600  \0$aBrahms, Johannes$d1833-1897$1http://www.wikidata.org/entity/Q7294$918198
=650  \0$aMusical analysis$1http://www.wikidata.org/entity/Q1544924$92775
=650  \0$aConcerto$1http://www.wikidata.org/entity/Q9748$921817
=650  \0$aPiano$1http://www.wikidata.org/entity/Q5994$92127
=650  \0$aMusic history$1http://www.wikidata.org/entity/Q846047$921373
=942  \\$cBOO
=952  \\$00$10$2ddc$40$6BIO_BRAH_E$70$8BIO$923080$aORPH$bORPH$cKTS1_P$d2023-11-28$l1$oBIO BRAH e$p20146081$r2024-01-23 00:00:00$s2023-11-30$v110.00$w2023-11-30$yBOO
=999  \\$d21727

