=LDR  02164nam a22002297a 4500
=001  21728
=008  231130s2014\\\\|||ag|||\||||\00|\0\mul\d
=020  \\$a9782503552477
=041  \\$aeng$afre$aita
=245  \\$aOrchestral Conducting in the Nineteenth Century
=260  \\$aTurnhout$bBrepols$c2014
=300  \\$axiv-441 pages
=520  \\$aThe nineteenth century witnessed the birth of the public figure of the orchestral conductor. Like composers and performers, orchestral conductors registered the transformed concept of the ‘musical work’. Whilst the Industrial Revolution generated new types of profession, the orchestral conductor’s career emerged, as an outcome of the greater consideration that was devoted to the act of ‘performance’. In the present volume nineteen scholars explore historical and sociological phenomena connected to the nineteenth-century system of performance and musical production in which the orchestral conductor worked. A number of chapters investigate the musical performances of famous orchestral conductors; conducting by renowned composers (including Berlioz, Bottesini, Charpentier, Liszt, Mendelssohn, Paganini and Rolla) and orchestral treatises for military bands. The authors featured are: Fabrizio Ammetto, Maria Teresa Arfini, Rémy Campos, Paola Cannas, Antonio Carlini, Claudia Colombati, Mariateresa Dellaborra, Gilles Demonet, Elisa Grossato, Emmanuel Hervé, Étienne Jardin, Walter Kurt Kreyszig, Naomi Matsumoto, Michela Niccolai, Fiona M. Palmer, Rudolf Rasch, Renato Ricco, Gesine Schröder, Ruben Vernazza.
=648  \0$a19th Century (1801-1900)$1http://www.wikidata.org/entity/Q6955$920935
=650  \0$aConducting$1http://www.wikidata.org/entity/Q6989196$92392
=650  \0$aOrchestra$1http://www.wikidata.org/entity/Q42998$93159
=650  \0$aMusic history$1http://www.wikidata.org/entity/Q846047$921373
=700  1\$aIlliano, Roberto$4edt$926769
=700  1\$aNiccolai, Michela$4edt$926770
=942  \\$cBOO
=952  \\$00$10$2ddc$40$6MTP_2_000000000000000_ILLI$70$8MTP$923081$aORPH$bORPH$cKM12_1$d2023-11-27$l1$oMTP2 ILLI$p20146082$r2023-12-01 00:00:00$s2023-11-30$v91.00$w2023-11-30$yBOO
=999  \\$d21728

