=LDR  02216nam a22002655i 4500
=001  21729
=005  20250120120907.0
=008  230705s2023\\\\mau\\\\\\\\\\\000\0\eng\\
=020  \\$a9781623717520
=040  \\$aOI
=041  \\$aeng
=100  \\$aWillson, Rachel Beckles$4aut$917679
=245  14$aThe Oud:$bAn Illustrated History
=260  \\$aNorthampton$bInterlink Books$c2023
=300  \\$a224 pages$billustrations (color)
=520  \\$aAccording to a literary tradition of Iraq, the origin of the oud lies in the grief of Lamak, a descendent of Cain, son of Adam. When his 5-year-old son died, Lamak hung the boy's limp body on a tree, and as time passed, he resolved to build a musical instrument from the remaining bones. He then played it, wept, and sang the first lament; his daughter Sila became an instrument maker. So the oud is a beautiful pear-shaped box, with neck and strings, that makes music, but it can also be a link to the world of storytelling that brings new voices into life. Today the oud is one of the most important instruments in music cultures of the Middle East and North Africa, and while associated mainly with the Arab world, it is also played in Iran, Turkey and Greece. More recently it has spread into East Africa, numerous countries of Europe, Australia, the Americas, China and Japan. This book explores the oud's history and increasingly global lives today. It explores its varied construction over time and place, delves into its place in literature, and reveals its widespread repertoire and immensely diverse players.
=648  \0$aPast$1http://www.wikidata.org/entity/Q192630$922196
=650  \0$aOud$1http://www.wikidata.org/entity/Q191000$923750
=650  \0$aOrganology$1http://www.wikidata.org/entity/Q899293$921400
=651  \0$aArabia$1http://www.wikidata.org/entity/Q57751375$925750
=651  \0$aAsia$1http://www.wikidata.org/entity/Q48$923030
=942  \\$cBOO
=952  \\$00$10$2ddc$40$6INS_11A$70$8INS$923082$aORPH$bORPH$cKTS0$d2023-11-30$g36.31$l0$oINS11a$p20132201$r2023-12-04 00:00:00$w2023-12-04$yBOO
=952  \\$00$10$2ddc$40$6INS_11A$70$8INS$923174$aORPH$bORPH$cKTS0$d2023-11-30$g36.31$l0$oINS11a$p20146258$r2024-02-05 00:00:00$w2023-12-04$yBOO
=999  \\$d21729

