=LDR  01216nam a2200301 a 4500
=001  21730
=005  20250121142136.0
=008  961204s1996\\\\fr\\\\\\\b\\\\001\0dfre\\
=020  \\$a2221065174
=040  \\$aOI
=041  \\$afre
=245  03$aLe XVIIIe siècle :$bles Français vus par eux-mêmes. Anthologie des mémorialistes du XVIIIsiècle
=246  30$a18e siècle
=246  30$aDix-huitième siècle
=260  \\$aParis$bLaffont$c1996
=300  \\$axxxix-1392 pages$c20 cm
=490  0\$aBouquins
=504  \\$aIncludes bibliographical references and indexes.
=648  \0$a18th Century (1701-1800)$1http://www.wikidata.org/entity/Q7015$920899
=650  \0$aDiary$1http://www.wikidata.org/entity/Q185598$921711
=650  \0$aBiography$1http://www.wikidata.org/entity/Q36279$91927
=650  \0$aCultural history$1http://www.wikidata.org/entity/Q858517$922395
=651  \0$aFrance$1http://www.wikidata.org/entity/Q142$9131
=700  \\$aMaurepas, Arnaud de$4edt$926784
=700  \\$aBrayard, Florent$4edt$926785
=942  \\$cBOO
=952  \\$00$10$2ddc$40$6TOP_FR_5_000000000000000$70$8TOP$923083$aORPH$bORPH$cKTS0$d2023-12-04$g31.65$l0$oTOP FR 5$p20132200$r2023-12-04 00:00:00$w2023-12-04$yBOO
=999  \\$d21730

