=LDR  01456    a2200289   4500
=001  21731
=005  20250925143310.0
=008  211117s1966\\\\\\\|||||\||||\00|\0\dut\d
=041  \\$adut
=100  \\$aAndreae, Johann Valentin$d1586-1654$1http://www.wikidata.org/entity/Q60854$4att$99123
=245  \\$aDe belijdenis der Rozenkruisers Broederschap$b(Esoterische analyse van de Confessio Fraternitatis A.D. 1614)
=260  \\$aHaarlem$bRozekruis-Pers$c1966
=300  \\$a102 pages
=490  \\$aDe geheimen der Rozenkruisers Broederschap$vII
=534  \\$aOriginally published in 1614
=561  \\$aEx libris Laura Dobbenga
=648  \0$a17th Century (1601-1700)$1http://www.wikidata.org/entity/Q7016$920923
=648  \0$a20th Century (1901-2000)$1http://www.wikidata.org/entity/Q6927$920936
=650  \0$aRosicrucianism$1http://www.wikidata.org/entity/Q194267$922911
=650  \0$aHermeticism$1http://www.wikidata.org/entity/Q192933$94602
=650  \0$aEsotericism$1http://www.wikidata.org/entity/Q131505$925902
=651  \0$1http://www.wikidata.org/entity/Q183$aGermany$9155
=651  \0$aNetherlands$1http://www.wikidata.org/entity/Q55$9173
=700  \\$aRijckenborgh, Jan van$d1896-1968$1http://www.wikidata.org/entity/Special:EntityPage/Q1464110$4trl$4cmm$913556
=942  \\$cBOO
=952  \\$00$10$2ddc$40$6PHI_ROSE_A$70$8PHI$923085$aORPH$bORPH$cKM12_3_2$d2023-11-16$g10.00$l0$oPHI ROSE a$p20132202$r2023-12-11 00:00:00$w2023-12-11$yBOO
=999  \\$d21731

