=LDR  00944nam a22002297a 4500
=001  21736
=005  20250925143310.0
=008  231215s2015\\\\|||a||||\||||\00|\0\dut\d
=041  \\$adut
=100  \\$aBouckaert, Pieter$4aut$926853
=245  \\$aDe Belgische piano-industrie 1850-1980
=260  \\$aGhent$bMIAT$c2015
=300  \\$a17 pages$billustrations (color)
=490  \\$aMIATFACTory
=648  \0$a19th Century (1801-1900)$1http://www.wikidata.org/entity/Q6955$920935
=648  \0$a20th Century (1901-2000)$1http://www.wikidata.org/entity/Q6927$920936
=650  \0$aPiano$1http://www.wikidata.org/entity/Q5994$92127
=650  \0$aOrganology$1http://www.wikidata.org/entity/Q899293$921400
=651  \0$aBelgium$1http://www.wikidata.org/entity/Q31$920881
=942  \\$cEPH
=952  \\$00$10$2ddc$40$6INS_3_000000000000000_3B_BE$70$8INS$923096$aORPH$bORPH$cKTS0$d2023-12-15$l0$oINS3.3b BE$p20232206$r2023-12-15 00:00:00$w2023-12-15$yEPH
=999  \\$d21736

