=LDR  00950nam a22002177a 4500
=001  21737
=008  231215s2015\\\\|||a||||\||||\00|\0\dut\d
=041  \\$adut
=100  \\$aVandervellen, Pascale$4aut$922386
=245  \\$aDe beginperiode van de pianobouw in de Belgische provincies 1761-1851
=260  \\$aGhent$bMIAT$c2015
=300  \\$a25 pages$billustrations (color)
=490  \\$aMIATFACTory
=648  \0$a18th Century (1701-1800)$1http://www.wikidata.org/entity/Q7015$920899
=648  \0$a19th Century (1801-1900)$1http://www.wikidata.org/entity/Q6955$920935
=650  \0$aPiano$1http://www.wikidata.org/entity/Q5994$92127
=650  \0$aOrganology$1http://www.wikidata.org/entity/Q899293$921400
=651  \0$aBelgium$1http://www.wikidata.org/entity/Q31$920881
=942  \\$cEPH
=952  \\$00$10$2ddc$40$6INS_3_000000000000000_3B_BE$70$8INS$923097$aORPH$bORPH$cKTS0$d2023-12-15$l0$oINS3.3b BE$p20132207$r2023-12-15 00:00:00$w2023-12-15$yEPH
=999  \\$d21737

