=LDR  02813cam a22003971  4500
=001  21746
=005  20250121142136.0
=008  770307r18681807fr\\\\\\\b\\\\001\0\fre\\
=040  \\$aOI
=041  \\$afre
=100  \\$aCollé, Charles$d1709-1783$1http://www.wikidata.org/entity/Q2404425$4aut$97185
=245  10$aJournal et mémoires de Charles Collé$bsur les hommes de lettres, les ouvrages dramatiques et les événements les plus mémorables du règne de Louis XV (1748-1772)
=250  \\$aNouvelle édition
=260  \\$aParis$bDidot$c1868
=300  \\$a3 volumes (xxviii-447+395+430 pages)$c24 cm$e3 inserts
=504  \\$a"Notice sur la vie et les écrits de Collé, placée en tête de l'édition de 1807. [Par A.-A. Barbier]": v. 1, p. [ix]-xxiv; "Liste chronologique des ouvrages de Collé": p. [xxv]-xxviii; Table alphabétique et analytique, vol. 3, pp. 371-430
=534  \\$aOriginally published in 1807
=561  \\$aEx libris Max-la-Fosse (plate); auctioned in 1982; acquired from Arenberg Auctions, 16 December 2023
=590  \\$aaugmentée de fragments inédits recueillis dans les manuscrit de la Bibliothèque impériale du Louvre ... avec une introduction et des notes par Honoré Bonhomme
=600  \0$aLouis XV$cKing of France$d1710-1774$1http://www.wikidata.org/entity/Q7738$98079
=648  \0$a18th Century (1701-1800)$1http://www.wikidata.org/entity/Q7015$920899
=650  \0$aThéâtre de société$1http://www.wikidata.org/entity/Q3527725$921127
=650  \0$aWriter$1http://www.wikidata.org/entity/Q36180$93885
=650  \0$aBiography$1http://www.wikidata.org/entity/Q36279$91927
=650  \0$aDiary$1http://www.wikidata.org/entity/Q185598$921711
=651  \0$aFrance$1http://www.wikidata.org/entity/Q142$9131
=700  \\$aBonhomme, Honoré$d1811-1890$1http://www.wikidata.org/entity/Q106009897$4win$4edt$926872
=856  \\$uhttps://gallica.bnf.fr/view3if/ga/ark:/12148/bpt6k405905v$3vol. 1 (IIIF)
=856  \\$uhttps://www.digitale-sammlungen.de/de/view/bsb10415856$3vol. 2
=856  \\$uhttps://api.digitale-sammlungen.de/iiif/presentation/v2/bsb10415856/manifest$3vol. 2 (IIIF manifest)
=856  \\$uhttps://gallica.bnf.fr/view3if/ga/ark:/12148/bpt6k405907m$3vol. 3 (IIIF)
=942  \\$cBOO
=952  \\$00$10$2ddc$3vol. 1$40$6KTS_1_000000000000000_H_01_013_01$70$8RAR$923106$aORPH$bORPH$cKTS1_H$d2023-12-20$l0$oKTS1 H.01.013_01$p20132214$r2023-12-20 00:00:00$w2023-12-20$yBOO
=952  \\$00$10$2ddc$3vol. 2$40$6KTS_1_000000000000000_H_01_013_02$70$8RAR$923107$aORPH$bORPH$cKTS1_H$d2023-12-20$l0$oKTS1 H.01.013_02$p20132215$r2023-12-20 00:00:00$w2023-12-20$yBOO
=952  \\$00$10$2ddc$3vol. 3$40$6KTS_1_000000000000000_H_01_013_03$70$8RAR$923108$aORPH$bORPH$cKTS1_H$d2023-12-20$l0$oKTS1 H.01.013_03$p20132216$r2023-12-20 00:00:00$w2023-12-20$yBOO
=999  \\$d21746

