=LDR  01427nam a22002897a 4500
=001  21764
=008  240110s2020\\\\||||||||\||||\00|\0\eng\d
=041  \\$aeng
=245  \\$aClassical music in Flanders:$bA selected overview and expert essays on early and new music today
=260  \\$aBrussels$bFlanders Arts Institute$c2020
=300  \\$a38 pages
=648  \0$a21st Century (2001-2100)$1http://www.wikidata.org/entity/Q6939$920812
=650  \0$aEarly music$1http://www.wikidata.org/entity/Q436016$93160
=650  \0$aDirectory$1http://www.wikidata.org/entity/Q70326023$939358
=650  \0$aContemporary music$1http://www.wikidata.org/entity/Q8011523$939359
=650  \0$aCultural history$1http://www.wikidata.org/entity/Q858517$922395
=650  \0$aConcert$1http://www.wikidata.org/entity/Q182832$921044
=650  \0$aPerformance$1http://www.wikidata.org/entity/Q6942562$926223
=650  \0$aHistorically informed performance$1http://www.wikidata.org/entity/Q1344860$920980
=651  \0$aFlanders (Belgium)$1http://www.wikidata.org/entity/Q234$989
=700  \\$aTambuyser, Rudy$4aut$926947
=700  \\$aDemuyt, Bart$4aut$926948
=700  \\$aMannaerts, Pieter$4aut$99642
=700  \\$aDysers, Christine$4aut$926949
=942  \\$cBOO
=952  \\$00$10$2ddc$40$6TOP_BE_FLA_7_000000000000000$70$8TOP$923126$aORPH$bORPH$cKTS0$d2024-01-10$l0$oTOP BE.FLA 7$p20146166$r2024-01-10 00:00:00$t20146166$w2024-01-10$yBOO
=999  \\$d21764

