=LDR  01002nam a22002417a 4500
=001  21769
=008  240118s2023\\\\||||||||\||||\00|\0\eng\d
=020  \\$a9780141192284 (paperback)
=041  \\$aeng
=100  1\$aBurton, Robert$d1577-1640$1http://www.wikidata.org/entity/Q259132$4aut$926977
=245  \\$aThe Anatomy of Melancholy
=260  \\$aLondon$bPenguin$c2023
=300  \\$axl-1324 pages$billustration
=490  \\$aPenguin Classics
=505  \\$gIncludes a table (of topical terms)
=534  \\$aOriginally published in 1621
=648  \0$a17th Century (1601-1700)$1http://www.wikidata.org/entity/Q7016$920923
=650  \0$aPsychology$1http://www.wikidata.org/entity/Q9418$922578
=651  \0$aUnited Kingdom$1http://www.wikidata.org/entity/Q21$9273
=700  \\$aGowland, Angus$4edt$4win$926978
=942  \\$cBOO
=952  \\$00$10$2ddc$40$6PHI_BURT_A$70$8PHI$923134$aORPH$bORPH$cKM12_2_B$d2023-12-19$g30.50$l1$m4$oPHI BURT a$p20132218$r2025-06-25 11:49:28$s2024-05-09$w2024-01-18$yBOO
=999  \\$d21769

