=LDR  01000nam a22002297a 4500
=001  21771
=008  240124s1967\\\\|||oea||\||||\00|\0\fre\d
=041  \\$afre
=100  \\$aCanac, François$4aut$926991
=245  \\$aL'Acoustique des théâtres antiques :$bses enseignements
=260  \\$aParis$bCNRS$c1967
=300  \\$a184 pages
=504  \\$aContains an index, p. 183
=648  \0$aClassical Antiquity (8th Century BC-6th Century AD)$1http://www.wikidata.org/entity/Q486761$921435
=650  \0$aAcoustics$1http://www.wikidata.org/entity/Q82811$921365
=650  \0$aTheater$1http://www.wikidata.org/entity/Q24354$92225
=650  \0$aArchitecture$1http://www.wikidata.org/entity/Q12271$93185
=651  \0$aGreece$1http://www.wikidata.org/entity/Q41$921778
=651  \0$aRome (Italy)$1http://www.wikidata.org/entity/Q220$949
=942  \\$cBOO
=952  \\$00$10$2ddc$40$6SCI_CANA$70$8SCI$923140$aORPH$bORPH$cKM12_1$d2024-01-24$g50.00$l0$oSCI CANA$p20132234$r2024-01-24 00:00:00$w2024-01-24$yBOO
=999  \\$d21771

