=LDR  01418cam a22003134a 4500
=001  21775
=005  20250120120934.0
=008  120110s2012\\\\nyua\\\\\\\\\\000\0\eng\\
=010  \\$a  2011051523
=020  \\$a9781590174883 (alk. paper)
=040  \\$aOI
=041  \\$aeng
=100  \\$aBrowne, Thomas$cSir$d1605-1682$1http://www.wikidata.org/entity/Q313925$4aut$97145
=245  10$aReligio Medici and Hydriotaphia, or Urne-Buriall
=260  \\$aNew York$bNew York Review Books$c2012
=300  \\$axli-170 pages$billustrations$c21 cm
=490  0\$aNew York Review Books Classics
=504  \\$aIncludes bibliographical references (p. 151-170).
=648  \0$a17th Century (1601-1700)$1http://www.wikidata.org/entity/Q7016$920923
=650  \0$aBiography$1http://www.wikidata.org/entity/Q36279$91927
=650  \0$aMedicine$1http://www.wikidata.org/entity/Q11190$921959
=650  \0$aMysticism$1http://www.wikidata.org/entity/Q45996$924645
=650  \0$aPsychology$1http://www.wikidata.org/entity/Q9418$922578
=651  \0$aUnited Kingdom$1http://www.wikidata.org/entity/Q21$9273
=700  \\$aGreenblatt, Stephen$d1943-$1http://www.wikidata.org/entity/Q639065$4edt$4win$927001
=700  \\$aTargoff, Ramie$4edt$927002
=942  \\$cBOO
=952  \\$00$10$2ddc$40$6PHI_BROW_A$70$8BIO$923144$aORPH$bORPH$cKTS1_P$d2024-01-24$g17.63$l1$oPHI BROW a$p20132169$r2024-04-16 00:00:00$s2024-01-29$w2024-01-29$yBOO
=999  \\$d21775

