=LDR  01717nam a22002297a 4500
=001  21779
=008  240130r20171996|||g||||\||||\00|\0\eng\d
=020  \\$a9782907200011
=041  \\$aeng
=100  \\$aJohnson, Tom$4aut$915706
=245  \\$aSelf-Similar Melodies
=250  \\$a4th ed.
=260  \\$aParis$bEditions 75$c2017
=300  \\$a291 pages
=520  \\$aThe theory of the logical and mathematical techniques used by the composer: finite and infinite automata. the paper-folding formula, “self-replicating” melodies, etc. A rather detailed discussion, with many new melodies, written to demonstrate the techniques used.

“An appreciation of the connection between mathematics and music dates back at least to Pythagoras, but rarely does one have a chance to explore that connection in such intimate detail as in these bracing pages. Composer Tom Johnson weaves back and forth between notes and numbers, delighting in patterns that lead up to self-similarity (the basic of fractal geometry). Some familiarity with both sides of the topic is a prerequisite; committed readers will, however, receive a unique aesthetic education.”
—Scientific American, May 1997
(taken from https://www.editions75.com/book-self.html)
=650  \0$aComposing$1http://www.wikidata.org/entity/Q92186587$93076
=650  \0$aMelody$1http://www.wikidata.org/entity/Q170412$923237
=650  \0$aMathematics$1http://www.wikidata.org/entity/Q395$922612
=650  \0$aLogic$1http://www.wikidata.org/entity/Q8078$922062
=942  \\$cBOO
=952  \\$00$10$2ddc$40$6MTP_2_000000000000000_JOHN$70$8MTP$923148$aORPH$bORPH$cKM12_1$d2024-01-15$l1$oMTP2 JOHN$p20132163$q2024-07-26$r2024-01-30 00:00:00$s2024-01-30$w2024-01-30$yBOO
=999  \\$d21779

