=LDR  03323cam a22003614a 4500
=001  21780
=005  20251001162314.0
=008  100507s2010\\\\it\a\\\\\b\\\\101\0\eng\d
=020  \\$a9788881094684
=041  0\$aeng$afre$aita
=111  \\$aInternational Conference "Instrumental Music and the Industrial Revolution"$d2006$cCremona, Italy)
=245  10$aInstrumental music and the Industrial Revolution
=260  \\$aBologna$bUT Orpheus$c2010
=300  \\$axiv-637 pages
=490  0\$aAd Parnassum Studies$v5
=500  \\$aSelected papers presented at a conference held in Cremona, Italy, July 1-3, 2006.
=500  \\$aEssays by Luca Aversano, Claudio Bacciagaluppi, Carmela Bongiovanni, Andrea Cardone, Jen-yen Chen, Simone Ciolfi, Andrea Coen, Therese Ellsworth, Joël-Marie Fauquet, Florence Gétreau, Consuelo Giglio, Outi Jokiharju, Roe-Min Kok, Paul R. Laird, Marie Sumner Lott, Simon McVeigh, Elio Matassi, Russ Manitt, Jenny Nex, Leon Plantinga, Alban Ramaut, Rudolf Rasch, David Rowland, Laure Schnapper, Rohan H. Stewart-MacDonald, Renata Suchowiejko, Maria Alice Volpe.
=504  \\$aIncludes bibliographical references and index.
=520  \\$aIn this volume we wanted to investigate the intersection between the Industrial Revolution and the aesthetic-musical field. In particular, we aimed to explore the European dimension of the cultural exchanges caused by the phenomenon of musical migration, together with the international relationships generated by the music printing industry, entrepreneurship and the market for musical instruments.

The later eighteenth and earlier nineteenth centuries were a time of fundamental change in European life, proceeding from the revolutionary implications of the ideologies of Enlightenment, and reverberating in market economies, methods of manufacturing and agriculture, modes of travel, and population distribution. The development of new technologies resulted in the enlargement and improvement of the music printing industry, and in the widespread diffusion of music in private and public spheres.

The Industrial Revolution brought about the ‘modernization’ of productive processes and, as a consequence, engendered a kind of ‘globalization’ of the musical market.
(taken from: https://www.luigiboccherini.org/2010/05/01/instrumental-music-and-the-industrial-revolution/)
=546  \\$aContributions in English, French, and Italian.
=648  \0$a18th Century (1701-1800)$1http://www.wikidata.org/entity/Q7015$920899
=648  \0$a19th Century (1801-1900)$1http://www.wikidata.org/entity/Q6955$920935
=650  \0$aInstrumental music$1http://www.wikidata.org/entity/Q639197$92106
=650  \0$aMusic history$1http://www.wikidata.org/entity/Q846047$921373
=650  \0$aMusic philosophy and aesthetics$1http://www.wikidata.org/entity/Q2092865$921165
=650  \0$aTechnology$1http://www.wikidata.org/entity/Q11016$921633
=650  \0$aMusic printing$1http://www.wikidata.org/entity/Q64416036$94007
=650  \0$aSociology$1http://www.wikidata.org/entity/Q21201$924938
=700  1\$aIlliano, Roberto$4edt$926769
=700  1\$aSala, Luca$4edt$927015
=942  \\$cBOO
=952  \\$00$10$2ddc$40$6AES_ILLI$70$8AES$923150$aORPH$bORPH$cKM12_1$d2024-01-22$g149.00$l1$oAES ILLI$p20132167$r2025-01-28 14:16:06$s2024-01-30$w2024-01-30$yBOO
=999  \\$d21780

