=LDR  03312nam a22003017a 4500
=001  21781
=008  240130s2010\\\\|||o||||\||||\00|\idmul\d
=020  \\$a9788881094691
=041  \\$aeng$aita
=100  \\$aRowland, David$d-1957$4edt$922398
=245  \\$aThe Correspondence of Muzio Clementi
=246  \1$aLa Corrispondenza di Muzio Clementi
=260  \\$aBologna$bUt Orpheus$c2010
=300  \\$accxi-476 pages
=490  \\$aMuzio Clementi - Opera Omnia$vxiv
=520  \\$aThe critical edition of The Correspondence of Muzio Clementi includes some 20 previously-unknown letters by Clementi himself, in addition to about 30 more that were written to him, his family or associates, or by those other individuals. Furthermore, many letters only previously referred to or partially quoted are published here in full, along with previously unknown passages found in new sources such as the notebook used by both Clementi and his grandson Herbert Clementi-Smith, now in the possession of John Collard.
Clementi’s correspondence opens a window on a number of aspects of his own life, the lives of other contemporary musicians, and the international music business of the time.
One of the benefits of publishing all of the known letters to and from Clementi, his family and his business associates is that much more is revealed than has hitherto been known about the nature of Clementi’s company, and more generally the nature of the music business in early nineteenth-century Europe.
The letters clearly show the extent of Clementi’s contacts with European publishers and instrument sellers, including Artaria, Breitkopf & Härtel, Erard, Naderman, Nägeli, Pleyel, Ricordi and Streicher. One of the most striking features of the correspondence is the evidence that it provides for the esteem in which Clementi was held among musicians all over Europe, as well as the use that he made of his reputation. His relations with Haydn, Dussek and Beethoven are well-known, but other figures emerge in this correspondence who have not been so closely associated with Clementi in the past, such as Bomtempo, Himmel and Righini, as well as very minor figures about whom very little is known, such as Nezot.
In summary, the correspondence reveals an intelligent and cultured British citizen, a good friend, an energetic musician who was at the heart of the development of London’s musical institutions, and an extremely astute and well-connected businessman.
=600  \0$aClementi, Muzio$d1752-1832$1http://www.wikidata.org/entity/Q193673$95350
=648  \0$a18th Century (1701-1800)$1http://www.wikidata.org/entity/Q7015$920899
=648  \0$a19th Century (1801-1900)$1http://www.wikidata.org/entity/Q6955$920935
=650  \0$aCorrespondence$1http://www.wikidata.org/entity/Q1784733$921392
=650  \0$aMusic history$1http://www.wikidata.org/entity/Q846047$921373
=650  \0$aComposer$1http://www.wikidata.org/entity/Q36834$93625
=650  \0$aPianist$1http://www.wikidata.org/entity/Q486748$92959
=650  \0$aPublishing$1http://www.wikidata.org/entity/Q3972943$93049
=700  1\$aIlliano, Roberto$4edt$926769
=942  \\$cBOO
=952  \\$00$10$2ddc$40$6BIO_CLEM_A$70$8BIO$923151$aORPH$bORPH$cKTS1_P$d2024-01-22$g159.00$l1$oBIO CLEM a$p20132166$r2025-01-28 14:16:05$s2024-01-30$w2024-01-30$yBOO
=999  \\$d21781

