=LDR  03416nam a22003137a 4500
=001  21782
=008  240130s2006\\\\|||acg||\||||\00|\0deng\d
=041  \\$aeng
=100  \\$aSala, Massimiliano$4edt$919652
=245  \\$aGiovanni Battista Viotti:$bA Composer between the Two Revolutions
=260  \\$aBologna$bUt Orpheus$c2006
=300  \\$axv-446 pages
=490  \\$aAd Parnassum Studies$v2
=500  \\$aContributions by Saggi di Clive Brown, Giuliano Castellani, Federico Celestini, Mariateresa Dellaborra, Alessandro Di Profio, Alexandre Dratwicki, Simon P. Keefe, Warwick Lister, Simon McVeigh, David Milsom, Mara Parker, David Rowland, Bruce R. Schueneman, Christian Speck, Rohan H. Stewart-MacDonald, Robin Stowell and Denise Yim.
=520  \\$aIn the span of time that bridged the ancien régime and the Restoration, the absolute monarchies made way for bourgeois liberal aspirations, the cities opened their walls to the increasingly broad horizons of trade and industry, and society witnessed a gradual conversion of rural into urban communities and the birth of new social classes linked to the categories of work. The court, as a stable socio-economic system, began to be replaced by processes of liberalization in the professions and respective ‘productive’ systems. Thus in the musical sphere the growth of public places for hearing music that provided alternatives to the court drastically influenced the system of production, modifying the boundaries between the public and private spheres and the relationship between production and fruition. This general context, with its profound dynamics and numerous vicissitudes, must have influenced Viotti’s human and professional history in some way. It is interesting to note the progressive development, in the composer’s personality, of a certain fragility linked to the fact of performing in the public sphere, whether it be in the civil arena (owing to the political events mentioned earlier) or in the world of ‘real performance’ and musical display. A world in continual transformation like that inhabited by Viotti, a world poised between two revolutions, was capable of engendering such a degree of inner tension as to induce a progressive renunciation that took the form of successive and differentiated actions (concert performing, impresario activities, trade) and eventually a wholesale escape.
=600  \0$aViotti, Giovanni Battista$d1755-1824$1http://www.wikidata.org/entity/Q313188$912430
=648  \0$a18th Century (1701-1800)$1http://www.wikidata.org/entity/Q7015$920899
=648  \0$a19th Century (1801-1900)$1http://www.wikidata.org/entity/Q6955$920935
=650  \0$aMusic history$1http://www.wikidata.org/entity/Q846047$921373
=650  \0$aViolinist$1http://www.wikidata.org/entity/Q1259917$93278
=650  \0$aComposer$1http://www.wikidata.org/entity/Q36834$93625
=650  \0$aPolitics$1http://www.wikidata.org/entity/Q7163$921826
=650  \0$aSociology$1http://www.wikidata.org/entity/Q21201$924938
=650  \0$aPerformance$1http://www.wikidata.org/entity/Q6942562$926223
=651  \0$aParis (France)$1http://www.wikidata.org/entity/Q90$9160
=651  \0$aLondon (United Kingdom)$1http://www.wikidata.org/entity/Q84$9123
=942  \\$cBOO
=952  \\$00$10$2ddc$40$6BIO_VIOT_E$70$8BIO$923152$aORPH$bORPH$cKTS1_P$d2024-01-22$l1$oBIO VIOT e$p20132165$r2025-01-28 14:16:05$s2024-01-30$w2024-01-30$yBOO
=999  \\$d21782

