=LDR  01533nam a22003017a 4500
=001  21783
=008  240130s2002\\\\|||acgo|\||||\00|\idmul\d
=020  \\$a9788881094691
=041  \\$aeng$aita$ager
=245  \\$aMuzio Clementi:$bStudies and Prospects
=260  \\$aBologna$bUt Orpheus$c2002
=300  \\$axxviii-473-[3] pages
=490  \\$aMuzio Clementi - Opera Omnia$v61
=500  \\$aA collection of essays from scholars of several nationalities concerning Clementi's music, the piano and his life as an entrepreneur. With an introduction by Leon Plantinga, preface, bibliography, indices, facsimile plates and musical examples.
=600  \0$aClementi, Muzio$d1752-1832$1http://www.wikidata.org/entity/Q193673$95350
=648  \0$a18th Century (1701-1800)$1http://www.wikidata.org/entity/Q7015$920899
=648  \0$a19th Century (1801-1900)$1http://www.wikidata.org/entity/Q6955$920935
=650  \0$aMusic history$1http://www.wikidata.org/entity/Q846047$921373
=650  \0$aComposer$1http://www.wikidata.org/entity/Q36834$93625
=650  \0$aPianist$1http://www.wikidata.org/entity/Q486748$92959
=650  \0$aPublishing$1http://www.wikidata.org/entity/Q3972943$93049
=700  1\$aIlliano, Roberto$4edt$926769
=700  1\$aSala, Luca$4edt$927015
=700  \\$aSala, Massimiliano$4edt$919652
=700  \\$aPlantinga, Leon$4win$920020
=942  \\$cBOO
=952  \\$00$10$2ddc$40$6BIO_CLEM_E$70$8BIO$923153$aORPH$bORPH$cKTS1_P$d2024-01-24$l1$oBIO CLEM e$p20132164$r2025-01-28 14:16:06$s2024-01-30$w2024-01-30$yBOO
=999  \\$d21783

