=LDR  01826nam a2200205u  4500
=001  21784
=008  210212s2021\\\\be\\\\\||\\\\|000\||dut|d
=020  \\$a9789461171245
=041  \\$adut
=245  00$aDiversiteit in het hoger onderwijs:$bvan theoretisch kader naar praktijkgerichte verandering
=260  \\$aBrussel$bASP Academic & Scientific Publishers$c2021
=300  \\$a357 pages
=520  8\$aDiversity is a social reality, yet this diversity is still too absent from higher education. Universities and colleges are aware of this contrast, but how do we bring more diversity into higher education, and what exactly are we talking about? It's about diversity in the student population, but also in the workforce. It's about accessibility for students with disabilities, dealing with multilingualism and making room for non-Western perspectives in degree programs. It is about paying attention to individual needs and requirements of students and staff and creating an environment where everyone finds their place. It is about providing inclusive and qualitative higher education. In this book, we let diverse voices from Flanders and the Netherlands speak and offer both practical examples and theoretical reflections. The book appeals to all actors within higher education - teachers, teacher trainers, students and support staff - and presents a future-oriented framework for working on diversity in higher education.
(Translated with DeepL.com)
=650  \0$aEducation$1http://www.wikidata.org/entity/Q8434$926206
=700  1\$aPulinx, Reinhilde$d1976-$4edt$927017
=700  \\$aSchrooten, Mieke$d1978-$4edt$927018
=700  \\$aEmmers, Elke$4edt$927019
=942  \\$cBOO
=952  \\$00$10$2ddc$40$6HUM_PULI$70$8HUM$923154$aORPH$bORPH$cKM12_1$d2024-01-30$l0$oHUM PULI$p20146223$r2024-01-30 00:00:00$w2024-01-30$yBOO
=999  \\$d21784

