=LDR  01482nam a22001697a 4500
=001  21785
=008  240130s2010\\\\|||d||||\||||\00|\0\eng\d
=020  \\$a9780980848526
=041  \\$aeng
=100  1\$aHarzing, Anne-Wil$4aut$927020
=245  \\$aThe Publish of Perish Book:$bYour Guide to Effective and Responsible Citation Analysis
=260  \\$aMelbourne$bTarma Software Research$c2010
=300  \\$aii-246 pages
=520  \\$a"Nearly four years after the launch of the software program Publish or Perish, I am delighted to introduce the Publish or Perish book, your guide to effective and responsible citation analysis. Over the years, I have come to realize that PoP can be used for many more purposes than I initially envisaged. This book documents its many and variable uses and shows you how to get the best out of the software program. Citations are not only a reflection of the impact that a particular piece of academic work has generated. Citations can also be used to tell stories about academics, journals and fields of research. This book is meant to help you create effective stories, but also to teach you how to be a responsible user of research metrics. I hope you enjoy reading it and are able to apply its content to good use."
-Anne-Wil Harzing (Melbourne, Australia, September 2010)
=942  \\$cBOO
=952  \\$00$10$2ddc$40$6REF_2_000000000000000_HARZ$70$8REF$923155$aORPH$bORPH$cKM12_1$d2024-01-30$l0$oREF2 HARZ$p20146224$r2024-01-30 00:00:00$w2024-01-30$yBOO
=999  \\$d21785

