=LDR  02766nam a22002777a 4500
=001  21787
=005  20250925143310.0
=008  240130s2016\\\\|||ago||\m|||\00|\0\dut\d
=041  \\$adut
=100  1\$aHuisman, Lukas$4aut$927021
=245  \\$aMuzikale complexiteit en menselijke grenzen:$bEen onderzoek naar de problematische componist-uitvoerder-relatie in complexe 20e-eeuwse pianoliteratuur
=260  \\$c2016
=300  \\$aviii-161 pages
=500  \\$aSubmitted by Lukas Huisman to obtain the degree of Doctor of Arts at the School of Arts, Hogent
=520  \\$aScores of complex 20th-century solo piano works may contain barely to unrealizable elements. This issue appears, among others, in the works of K. S. Sorabji (researched works: Opus Clavicembalisticum and Symphonic Nocturne), I. Xenakis (researched work: Evryali), B. Ferneyhough (researched work: Lemma-Icon-Epigram) and M. Finnissy (researched work: Midsummer Morn from English Country-Tunes). A theoretical section dissects what complexity means, how our Western performance practice is structured and music notation came into being. From a music analysis point of view, the question of whether complex scores can be rewritten, when this is desirable and what impact, if any, it has on the final result is explored. Courant music analysis models, such as thematic analysis, series analysis and visual analysis of MIDI graphic representations, lead to a better understanding of the studied works. In an experiment, MIDI analyses are made of the performance of relevant fragments, using original and rewritten versions. This makes it possible to examine, which version has the best outcome as a result. From an artistic point of view, the question is asked to what extent the research results add artistic value. All of the researched works were played in lecture-recitals for this purpose. Of the more than two-hour Symphonic Nocturne by K. S. Sorabji, the world premiere was played. An edition of this work, based on the research results, was published at the Sorabji Archive. (Translated with Deepl.com)
=648  \0$a20th Century (1901-2000)$1http://www.wikidata.org/entity/Q6927$920936
=650  \0$aPiano$1http://www.wikidata.org/entity/Q5994$92127
=650  \0$aPerformance$1http://www.wikidata.org/entity/Q6942562$926223
=650  \0$aArtistic research$1http://www.wikidata.org/entity/Q20827087$921804
=700  \\$aLeman, Marc$4ths$917071
=700  \\$aDhondt, Geert$4ths$915743
=700  1\$aVandewalle, Daan$4ths$927022
=700  \\$aVaes, Luk$1https://orcid.org/0000-0001-5493-6494$4ths$917277
=942  \\$cDIS
=952  \\$00$10$2ddc$40$6MTP_5_000000000000000_HUIS$70$8MTP$923157$aORPH$bORPH$cKM12_1$d2024-01-30$l0$oMTP5 HUIS$p20146226$r2024-01-30 00:00:00$w2024-01-30$yDIS
=999  \\$d21787

