=LDR  02006aam a2200253   4500
=001  21788
=008  120315r20072003\\\g\\\\\\\\\\\\\\0\eng\d
=020  \\$a9780521036047
=041  \\$aeng
=100  \\$4aut$aSamson, Jim$916497
=245  \\$aVirtuosity and the Musical Work:$bThe Transcendental Studies of Liszt
=260  \\$aCambridge$bCambridge University Press$c2007
=300  \\$aviii-240 pages
=520  \\$aThis book is about three sets of etudes by Liszt: the Etude en douze exercices (1826), its reworking as Douzes grandes études (1837), and their reworking as Douzes études d'exécution transcendante (1851). At the same time it is a book about nineteenth-century instrumental music in general, in that the three works invite the exploration of features characteristic of the early Romantic era in music. These include: a composer-performer culture, the concept of virtuosity, the significance of recomposition, music and the poetic, and the consolidation of a musical work-concept. A central concern is to illuminate the relationship between the work-concept and a performance- and genre-orientated musical culture. At the same time the book reflects on how we might make judgements of the 'Transcendentals', of the Symphonic Poem Mazeppa (based on the fourth etude), and of Liszt's music in general.
=600  \0$aLiszt, Franz$d1811-1886$1http://www.wikidata.org/entity/Q41309$917400
=648  \0$a19th Century (1801-1900)$1http://www.wikidata.org/entity/Q6955$920935
=650  \0$aÉtude$1http://www.wikidata.org/entity/Q207841$924650
=650  \0$aPiano$1http://www.wikidata.org/entity/Q5994$92127
=650  \0$aComposing$1http://www.wikidata.org/entity/Q92186587$93076
=650  \0$aVirtuosity$1http://www.wikidata.org/entity/Q214970$924670
=650  \0$aPerformance$1http://www.wikidata.org/entity/Q6942562$926223
=942  \\$cBOO
=952  \\$00$10$2ddc$40$6BIO_LISZ_E$70$8MTP$923158$aORPH$bORPH$cKM12_1$d2024-01-30$l0$oBIO LISZ e$p20146227$r2024-01-30 00:00:00$w2024-01-30$yBOO
=999  \\$d21788

