=LDR  04153cam a2200241 i 4500
=001  21789
=008  180223t20202018enka\\\\\bf\\\001\0\eng\d
=020  \\$a9781783476077
=041  \\$aeng
=245  00$aHandbook of Research Methods in Diversity Management, Equality and Inclusion at Work
=260  \\$aCheltenham$bEdward Elgar Publishing$c2020
=300  \\$axviii-542 pages
=504  \\$aIncludes bibliographical references and index.
=505  00$tIntroduction: expanding equality, diversity and inclusion research through diverse methodologies /$rLize A.E. Booysen, Judith K. Pringle and Regine Bendl --$gPart I.$tResearch dilemmas in EDI.$g1.$tContextualising the EDI research agenda in the larger social sciences research landscape /$rJudith K. Pringle and Lize A.E. Booysen ;$g2.$tFinding the right design for EDI research /$rJon F. Wergin ;$g3.$tEvaluation research in the EDI field /$rKelly M. Hannum and Holly A. Downs ;$g4.$tNegotiating, gaining and maintaining access: what can we learn about diversity? /$rJonna Louvrier ;$g5.$tQueered methodologies for equality, diversity and inclusion researchers /$rNick Rumens ;$g6.$tComparative and multi-country research in equality, diversity and inclusion /$rEddy S. Ng and Alain Klarsfeld --$gPart II.$tMethodology and methods for collecting EDI material.$g7.$tIntersectionality as a methodological tool in qualitative equality, diversity and inclusion research /$rDoyin Atewologun and Ramaswami Mahalingam ;$g8.$tTheorizing diversity and (in)equality through the lens of critical discourse analysis /$rPatrizia Zanomi and Maddy Janssens ;$g9.$tFeminist methods and the study of gendering of organizations over time /$rAlbert J. Mills and Jean Helms Mills ;$g10.$tIndigenous research: ontologies, axiologies, epistemologies and methodologies /$rElla Henry and Dennis Foley ;$g11.$tAutoethnography: adding our stories to EDI research /$rIrene Ryan and Shelagh Mooney ;$g12.$tParticipants as collaborators: coordinated management of meaning (CMM) as collaborative research method /$rIlene C. Wasserman ;$g13.$tChameleons change colour: studying academic careers in gendering contexts-a case for multilevel analysis /$rJohanna Hofbauer, Katharina Kreissl, Birgit Sauer and Angelika Striedinger --$gPart III.$tMethods and techniques for EDI data analysis.$g14.$tSurveys and scales in EDI research /$rCarol Baron ;$g15. Meta-analytic research in the field of EDI: a review of some current findings and identification of opportunities for future research /$rKevin B. Lowe and E. Holly Buttner ;$g16.$tQueering quantitative research: dealing with processes of categorization in EDI research /$rRoswitha Hofmann ;$g17.$tParticipatory action research to support diversity and inclusion /$rInge Bleijenbergh, Pleun van Arensbergen and Monic Lansu ;$g18.$tRoutinized practices: using the documentary method to research incorporated knowledge /$rHelga Eberherr ;$g19.$tDeconstructing and challenging gender orders in organizations through narratives /$rBarbara Poggio ;$g20.$tMixed methods and the scientific study of Māori identity: the story behind the multidimensional model of Māori identity and cultural engagement /$rCarla A. Houkamau and Chris G. Sibley ;$g22.$tDrawing from the margins: grounded theory research design and EDI studies /$rElizabeth L. Holloway and Harriet L. Schwartz.
=520  \\$aEquality, diversity and inclusion (EDI) have become features of organizations as a result of both legal and societal advances, as well as neoliberal economic reasoning and considerations. Current research approaches frequently fall short of addressing the challenges faced in EDI research, and this benchmark Handbook brings up to date coverage of research methods in EDI, and advances the development of research in the field.
=650  \0$aWorkforce diversity$927026
=650  \0$aCorporate culture$927027
=700  1\$aBooysen, Lize$4edt$927023
=700  1\$aBendl, Regine$4edt$927024
=700  1\$aPringle, Judith K.$4edt$927025
=942  \\$cBOO
=952  \\$00$10$2ddc$40$6HUM_BOOY$70$8HUM$923159$aORPH$bORPH$cKM12_1$d2024-02-01$l0$oHUM BOOY$p20146228$r2024-02-01 00:00:00$w2024-02-01$yBOO
=999  \\$d21789

