=LDR  03838cam a2200277 i 4500
=001  21790
=008  220621s2022\\\\enka\\\\\b\\\\001\0\eng\\
=020  \\$a9781529216646
=041  \\$aeng
=245  00$aDiversity, Inclusion, and Decolonization:$bPractical Tools for Improving Teaching, Research, and Scholarship
=260  \\$aBristol$bBristol University Press$c2022
=300  \\$axii-272 pages
=504  \\$aIncludes bibliographical references and index.
=505  \\$gIntroduction: Why Diversity, Inclusion, and Decolonization Matter / Abby Day, Lois Lee, Dave S.P. Thomas, and James Spickard -- Part I: Changing Universities; Negotiating Diversity, a Personal Reflection / Martin Stringer -- Demystifying the ‘Decolonising’ and ‘Diversity’ Slippage: Reflections from Sociology / Ali Meghji, Seetha Tan, and Laura Wain -- Doing Diversity Inclusively: ‘East Asians’ in Western Universities / Lin Ma -- This Island’s Mine: University Teaching as Inclusive Dramaturgy / Danny Braverman -- Emergent Tensions in Diversity and Inclusion Work in Universities: Reflections on Policy and Practice / Samantha Brennan, Gwen Chapman, Belinda Leach, and Alexandra Rodney -- Part II: Diversifying Curricula; How ‘Diverse’ is Your Reading List? Tools, Tips, and Challenges / Karen Schucan Bird -- Perceptions, Expectations, and Pluralised Realities: Reflections on Building Staff–Student Partnerships Through a Reading List Review / Dave S.P. Thomas -- Decolonizing Research Methods: Practices, Challenges, and Opportunities / Sara Ewing -- Towards an Intersectional Feminist Pedagogy of Gender-Based Violence - Denise Buiten, Ellen Finlay, and Rosemary Hancock -- Part III: Diversifying Research and Scholarship; How Would a World Sociology Think? Towards Intellectual Inclusion / James Spickard -- Whom We Cite: A Reflection on the Limits and Potentials of Critical Citation Practices / Januschka Schmidt -- Scholarship in a Globalized World: The Publishing Ecosystem and Alternatives to the Oligopoly / Paige Mann -- Part IV: Overcoming Intellectual Colonialism; Dealing with the Westernisation of Chinese Higher Education: Evidence from a Social Science Department / Fabio Bolzonar -- Opportunities and Challenges in Integrating Indigenous Peoples and Cultural Diversity in International Studies / Gretchen Abuso -- Decolonial Praxis beyond the Classroom: Reflecting on Race and Violence / Federico Settler -- Epilogue: What We Have Learned / Abby Day, Lois Lee, Dave S.P. Thomas, and James Spickard
=520  \\$aDespite progress, the Western higher education system is still largely dominated by scholars from the privileged classes of the Global North. This book presents examples of efforts to diversify points of view, include previously excluded people, and decolonize curricula.

What has worked? What hasn’t? What further visions do we need? How can we bring about a more democratic and just academic life for all?

Written by scholars from different disciplines, countries, and backgrounds, this book offers an internationally relevant, practical guide to ‘doing diversity’ in the social sciences and humanities and decolonising higher education as a whole.
=650  \0$aEducation$1http://www.wikidata.org/entity/Q8434$926206
=650  \0$aTeaching$1http://www.wikidata.org/entity/Q352842$923444
=650  \0$aMulticulturalism$927032
=650  \0$aSocial science$1http://www.wikidata.org/entity/Q34749$93803
=700  1\$aDay, Abby$d1956-$1http://isni.org/isni/0000000066699142$4edt$927028
=700  1\$aLee, Lois$c(Research associate),$4edt$927029
=700  1\$aThomas, Dave S. P.$4edt$927030
=700  1\$aSpickard, James V.$4edt$927031
=942  \\$cBOO
=952  \\$00$10$2ddc$40$6HUM_DAY$70$8HUM$923160$aORPH$bORPH$cKM12_1$d2024-02-01$l0$oHUM DAY$p20146229$r2024-02-01 00:00:00$w2024-02-01$yBOO
=999  \\$d21790

