=LDR  02382nam a22002895i 4500
=001  21791
=008  230113s2023\\\\it\\\\\\\b\\\\001\0\ita\\
=020  \\$a9788885571723
=041  \\$aita
=100  1\$aSarno, Giulia$4aut$927033
=245  14$aUna storia di Tempo Reale:$bcarte e memorie intorno a un'esperienza fiorentina di ricerca musicale (1987-2022)
=260  \\$aRoma$bSquilibri$c2023
=300  \\$a423 pages
=490  0\$aCome suona la Toscana$v03
=504  \\$aIncludes bibliographical references (pages 353-383) and index.
=520  \\$aFounded in 1987 by Luciano Berio, Tempo Reale has formed an important hub for research, production, teaching and development in the fractious field of electronic music. Set initially on the possibilities offered to the world of music by new digital technologies, the Institute has since assisted numerous composers, from Battistelli to Sciarrino, Stroppa to Guarnieri, in the creation of new works marked by the use of electronics and has acted as an incubator for numerous other projects related to technologies applied to sound, fostering the emergence of many young musicians. Through systematic reconnaissance in archival documents and also drawing on the living voices of witnesses and protagonists, the volume traces the history of these thirty-five years in which Tempo Reale has gained a prominent position in the international context of electronic music whose events are likewise recalled in the volume to highlight the novelty represented by this Florentine experience of musical research. (translated by Deepl.com)
=600  \0$aBerio, Luciano$d1925-2003$1http://www.wikidata.org/entity/Q221450$916980
=610  20$aTempo reale$1http://www.wikidata.org/entity/Q124297084$927034
=650  \0$aElectronic music$1http://www.wikidata.org/entity/Q9778$922014
=650  \0$aMusic history$1http://www.wikidata.org/entity/Q846047$921373
=650  \0$aTeaching$1http://www.wikidata.org/entity/Q352842$923444
=650  \0$aComposing$1http://www.wikidata.org/entity/Q92186587$93076
=650  \0$aArtistic research$1http://www.wikidata.org/entity/Q20827087$921804
=651  \0$aFlorence (Italy)$1http://www.wikidata.org/entity/Q2044$9248
=942  \\$cBOO
=952  \\$00$10$2ddc$40$6TOP_IT_FLO_7_000000000000000$70$8TOP$923161$aORPH$bORPH$cKTS0$d2024-02-12$l0$oTOP IT.FLO 7$p20146230$r2024-02-01 00:00:00$w2024-02-01$yBOO
=999  \\$d21791

