=LDR  03577cam a2200337 i 4500
=001  21792
=008  220729s2022\\\\enkag\\\\b\\\\001\0deng\d
=020  \\$a9781800856257
=041  1\$aeng
=100  1\$aHelyard, Erin$4aut$927035
=245  10$aClementi and the Woman at the Piano:$bVirtuosity and the Marketing of Music in Eighteenth-century London
=260  \\$aLiverpool$aOxford$bLiverpool University Press$bVoltaire Foundation$c2022
=300  \\$axx-313 pages$billustrations, music
=490  0\$aOxford University Studies in the Enlightenment$v2022:06
=504  \\$aIncludes bibliographical references (pages 281-308) and index.
=505  0\$aClementi and the Enlightenment -- Mozart's insult and the irritations of virtuosity -- Keyboard performance and gender in Eighteenth-century London -- Clementi's "Black Joke" -- Male 'theoria' and female 'praxis' -- Clementi in the marketplace and the Conservatoire -- Conclusion: Clementi's Coin -- Appendix: Ideological differences regarding keyboard practicing/music education in thirty-six conduct books and treatises, 1741-1829.
=520  \\$a"This book takes as its historical point of departure the radical appearance in 1779 of technically difficult keyboard music in a set of six sonatas (Op. 2) by Muzio Clementi. The difficult passages contained in this opus are unique among keyboard works published for a market that was understood at the time to consist almost entirely of female amateur keyboardists. Previously actively discouraged from practicing or improving their skills due to the restrictive ideologies in place, female pianists are increasingly offered a new kind of musical expression by Clementi's music. 'Clementi and the woman at the piano: virtuosity and the marketing of music in eighteenth-century London' maps the social, musical, and gendered implications of technically difficult music, and helps to underline important changes in Enlightenment culture and keyboard practice. Clementi's activities initiated the now familiar and modern concepts of repetitive musical practice, the work-concept, virtuosity itself, and the distinction between amateur and professional. Additionally, Clementi promotes a radical new mode of expression for female pianists that is at first highly controversial but slowly gains acceptance due to a widespread promotion of his music, instruments, and methods. Clementi's career is in many respects a perfect case study for the tensions between Enlightenment thinking and new Romantic ideologies."--Page 4 of printed paper wrapper.
=546  \\$aIncludes quotations in German or French, some with English translation.
=600  \0$aClementi, Muzio$d1752-1832$1http://www.wikidata.org/entity/Q193673$95350
=648  \0$a18th Century (1701-1800)$1http://www.wikidata.org/entity/Q7015$920899
=650  \0$aKeyboard music$1http://www.wikidata.org/entity/Q105715630$921412
=650  \0$aMusic history$1http://www.wikidata.org/entity/Q846047$921373
=650  \0$aSociology$1http://www.wikidata.org/entity/Q21201$924938
=650  \0$aGender$1http://www.wikidata.org/entity/P21$921254
=650  \0$aFemale$1http://www.wikidata.org/entity/Q6581072$921764
=650  \0$aVirtuosity$1http://www.wikidata.org/entity/Q214970$924670
=650  \0$aPerformance$1http://www.wikidata.org/entity/Q6942562$926223
=651  \0$aLondon (United Kingdom)$1http://www.wikidata.org/entity/Q84$9123
=942  \\$cBOO
=952  \\$00$10$2ddc$40$6BIO_CLEM_E$70$8BIO$923162$aORPH$bORPH$cKTS1_P$d2024-02-01$l2$oBIO CLEM e$p20146231$r2025-07-03 15:51:03$s2025-01-28$w2024-02-01$yBOO
=999  \\$d21792

