=LDR  03922cam a22002658i 4500
=001  21793
=008  230707s2023\\\\enk\\\\\\b\\\\001\0\eng\\
=020  \\$a9781032282169
=041  \\$aeng
=245  00$aMusic Performance Encounters:$bCollaborations and Confrontations
=260  \\$aAbingdon, Oxon$aNew York$bRoutledge$c2023
=300  \\$axviii-223 pages
=490  0\$aRoutledge Research in Music
=504  \\$aIncludes bibliographical references and index.
=505  0\$aIntroduction. "Who Are You?" : On Performers, Scholars, Masters, and Pupils / Michiel Schuijer and John Koslovsky -- Critical Interlude 1 / John Koslovsky -- Part I. Tools of (Historical) Performance Practice. "Che hanno contrapunto" : Counterpoint Training and the Performance of Diminution in the Sixteenth and Seventeenth Centuries / Catherine Motuz and Josué Meléndez ; The Italian Imitative and Interdisciplinary Musical Ethos of the Sixteenth Century : Ganassi's La Fontegara / Nuno Atalaia and Tímea Nagy ; Echos of Cor Alto and Cor Basse : In Search of an Ideal Horn Sound / Kathryn Zevenbergen and Teunis van der Zwart -- Critical Interlude 2 / John Koslovsky -- Part II. Scholars and Performers in Dialogue. Analysing and Playing Chopin's Nocturne Op. 27, no. 1 : An Empirical Study of the Interaction between Analysts and Performers / Luca Marconi and Stefano Malferrari ; Resonant Openings : Collaborating on Crumb's Nocturnes / Michiko Theurer and Daphne Leong -- Critical Interlude 3 / Michiel Schuijer -- Part III. Institutional Endeavours. The Absent Teacher Approach / Job ter Haar, Michalis Cholevas and Juliano Abramovay ; Preparing Music Students for a Public Recital : Applying Principles of Practice from Sport Sciences and Other Disciplines / Frank C. Bakker, Jan Kouwenhoven, Valle González Martín and Raôul R.D. Oudejans -- Critical Interlude 4 / Michiel Schuijer -- Part IV. Cultural Barriers and Embodied Knowledge. Knowing the World through Music / Barbara Titus, Shishani Vranckx and Bart Fermie ; Performing Jennifer Walshe's SELF-CARE / Andreas Borregaard.
=520  \\$a"Why do most musical performers and musical researchers continue to inhabit divergent epistemic spaces? To what extent is the act of musical performance coextensive with the act of doing musical research, and vice versa? At what point in the research process can a performative act transform into a scholarly one, and a scholarly act into performative one? These, and other related questions, form the central focus of this book with each chapter offering a fresh perspective on a particular topic in music performance studies: improvisational traditions, historical performance practices, analysis and performance, sports psychology, cross-cultural musical interactions, and institutional challenges. This book is aimed at music researchers, teachers, students, and practicing musicians interested in the intersection of academic and performance research and bridges the divide between the research of university-trained musicologists, scholars from other fields who focus on music, and the growing community of musical artist-researchers. Material in the book is supported by performance outcomes offered by the contributors on a separate YouTube channel and on the Routledge online portal"--$cProvided by publisher.
=650  \0$aHistorically informed performance$1http://www.wikidata.org/entity/Q1344860$920980
=650  \0$aMusical analysis$1http://www.wikidata.org/entity/Q1544924$92775
=650  \0$aMusic psychology$1http://www.wikidata.org/entity/Q476590$921788
=650  \0$aTeaching$1http://www.wikidata.org/entity/Q352842$923444
=700  1\$aKoslovsky, John$4edt$927036
=700  \\$aSchuijer, Michiel$4edt$915898
=942  \\$cBOO
=952  \\$00$10$2ddc$40$6MTP_2_000000000000000_KOSL$70$8MTP$923163$aORPH$bORPH$cKM12_1$d2024-01-30$l1$oMTP2 KOSL$p20146232$q2024-02-04$r2024-02-02 00:00:00$s2024-02-02$w2024-02-01$yBOO
=999  \\$d21793

