=LDR  01679cam a2200229 a 4500
=001  21795
=005  20250925143310.0
=008  951218s1995\\\\enko|||\\b\\\\001\0\eng\\
=020  \\$a9780713724622
=041  \\$aeng
=100  1\$aClayson, Alan$4aut$927039
=245  10$aBeat Merchants:$bthe Origins, History, Impact, and Rock Legacy of the 1960's British Pop Groups
=260  \\$aLondon$bBlandford$c1995
=300  \\$a320 pages
=504  \\$aIncludes bibliographical references (p. [313]-316) and index.
=520  \\$aA true "insider" of the beat scene and author of the book that spawned the major motion picture Backbeat, Alan Clayson has created a comprehensive account of the origins, history, impact and legacy of the 1960s British pop groups including the Yardbirds, The Rolling Stones, the Kinks, and many more. Digging deep into this fascinating period, Clayson examines the sudden emergence of beatbands, their effects on music over the last three decades, and the reasons behind their widespread resonance both within and outside of the music scene. Informative as this book is, Clayson has also succeeded in showing us a "backstage" view inaccessible to most, and presents it in a way that will hold your attention page after page.
=648  \0$a20th Century (1901-2000)$1http://www.wikidata.org/entity/Q6927$920936
=650  \0$aPopular music$1http://www.wikidata.org/entity/Q373342$922015
=650  \0$aMusic history$1http://www.wikidata.org/entity/Q846047$921373
=942  \\$cBOO
=952  \\$00$10$2ddc$40$6GEN_20_000000000000000$70$8GEN$923165$aORPH$bORPH$cKM12_1$d2024-02-01$l1$oGEN20$p20146250$q2024-07-29$r2024-02-02 00:00:00$s2024-02-02$w2024-02-01$yBOO
=999  \\$d21795

