=LDR  01885cam a22002658i 4500
=001  21796
=008  230522s2023\\\\enkg\\\\\b\\\\001\0\eng\\
=020  \\$a9781316513835
=041  \\$aeng
=100  \\$aRushton, Julian$4aut$916962
=245  10$aBerlioz: $cSymphonie Fantastique
=260  \\$aCambridge$aNew York$bCambridge University Press$c2023
=300  \\$axvii-153 pages
=490  0\$aNew Cambridge Music Handbooks
=504  \\$aIncludes bibliographical references and index.
=505  0\$aIntroduction, Programme, Outline -- Literary and Musical Romanticism -- Symphonie fantastique in Berlioz's lifetime -- First movement: 'Rêveries, passions' -- Second movement: 'Un bal' -- Third movement: 'Scène aux champs' -- Fourth movement: 'Marche au supplice' -- Fifth movement: 'Songe d'une nuit de Sabbat' -- The Sequel; Reception by Composers -- Reception: Schumann and Musical Form -- Other Approaches; Conclusion
=520  \\$a"Berlioz's Symphonie fantastique attracts wide audiences and is acknowledged as a landmark of music history. This book situates the symphony within French Romanticism and considers influences, literary as well as musical, that shaped its conception. Richly detailed and accessibly written, it will appeal to music lovers, scholars, and students"--$cProvided by publisher.
=600  \0$aBerlioz, Hector$d1803-1869$1http://www.wikidata.org/entity/Q1151$99542
=650  \0$aSymphony$1http://www.wikidata.org/entity/Q9734$92527
=650  \0$aProgram music$1http://www.wikidata.org/entity/Q209741$923658
=650  \0$aMusical analysis$1http://www.wikidata.org/entity/Q1544924$92775
=650  \0$aMusic history$1http://www.wikidata.org/entity/Q846047$921373
=942  \\$cBOO
=952  \\$00$10$2ddc$40$6BIO_BERL_E$70$8BIO$923166$aORPH$bORPH$cKTS1_P$d2023-12-11$l1$oBIO BERL e$p20146249$q2024-07-29$r2024-02-02 00:00:00$s2024-02-02$w2024-02-01$yBOO
=999  \\$d21796

