=LDR  02174cam a2200241 i 4500
=001  21797
=008  210129s2022\\\\nyugo\\\ob\\\\001\0\eng\\
=020  \\$z9780367415785
=041  \\$aeng
=100  1\$aStevens, Blake$4edt$927040
=245  00$aTeaching Electronic Music:$bCultural, Creative, and Analytical Perspectives
=260  \\$aNew York$aAbingdon, Oxon$bRoutledge$c2022
=300  \\$aviii-239 pages
=490  0\$aModern Musicology and the College Classroom
=504  \\$aIncludes bibliographical references and index.
=520  \\$a"Teaching Electronic Music offers innovative and practical techniques for teaching electronic music in a wide range of classroom settings. Across a dozen essays, an array of contributors-including musicologists and ethnomusicologists, art historians and music theorists, performers and composers-reflect on the challenges of teaching electronic music, highlighting pedagogical strategies while addressing questions such as: What can instructors do to expand and diversify musical knowledge? Can the study of electronic music foster critical reflection on technology? What are the implications of a digital culture that allows so many to be producers of music? How can instructors engage students in creative experimentation with sound? Electronic music presents unique possibilities and challenges to instructors of music history courses, calling for careful attention to creative curricula, historiographies, repertoires, and practices. Teaching Electronic Music features practical models of instruction as well as paths for further inquiry, identifying untapped methodological directions with broad interest and wide applicability"--$cProvided by publisher.
=588  \\$aDescription based on print version record and CIP data provided by publisher.
=650  \0$aElectronic music
=650  \0$aMusic education$1http://www.wikidata.org/entity/Q27908$921766
=650  \0$aTeaching$1http://www.wikidata.org/entity/Q352842$923444
=942  \\$cBOO
=952  \\$00$10$2ddc$40$6GEN_21_000000000000000$70$8GEN$923167$aORPH$bORPH$cKM12_1$d2024-01-05$l1$m2$oGEN21$p20146248$q2025-07-21$r2024-02-02 00:00:00$s2024-02-02$w2024-02-01$yBOO
=999  \\$d21797

