=LDR  01987cam a2200229 i 4500
=001  21798
=008  210709s2022\\\\mauag\\\\b\\\\001\0\eng\\
=020  \\$a9780262045193
=041  \\$aeng
=100  1\$aSofer, Danielle$4aut$927041
=245  10$aSex Sounds:$bVectors of Difference in Electronic Music
=260  \\$aCambridge, Massachusetts$bMIT Press$c2022
=300  \\$alii, 374 pages$billustrations, music
=504  \\$aIncludes bibliographical references and index.
=505  0\$aIntroduction -- Part I: Electroacoustics of the Feminized Voice. Schaeffer and Henry's "Erotica" (1950-51) ; Annea Lockwood's Tiger Balm (1970) ; Luc Ferrari's Les Danses Organiques (1973) and Presque Rien avec Filles, For Dancer and Memorized Sound (1989) ; Robert Normandeau's Jeu De Langues (2009) ; Juliana Hodkinson's and Niels Ronsholdt's Fish and Fowl (2011-12) -- Part II. Electrosexual Disturbance. Donna Summer's "Love to Love You, Baby" (1975) ; Alice Shield's Apocalypse (1990-94) ; Annie Sprinkle's Sluts and Goddesses Video Workshop, Sound Score by Pauline Oliveros (1992) ; Barry Truax's Song of Songs (1992) ; TLC's "I'm Good at Being Bad" (1999) ; Janelle Monae's "It's Code" (2013) ; The Wobble Warp : Theesatisfaction's "Enchantruss" (2012), Janelle Monaes and Esperanza Spalding's "Dorothy Dandridge Eyes" (2013), and Stas thee Boss's "Before Anyone Else" (2017) - Conclusion.
=520  \\$a"Music and sexuality seem to have been linked together since someone first beat out a rhythm on a drum. Making Sex Sound explores the intersection in the mid-20th century onward"--$cProvided by publisher.
=650  \0$aElectronic music
=650  \0$aMusic history$1http://www.wikidata.org/entity/Q846047$921373
=650  \0$aCultural history$1http://www.wikidata.org/entity/Q858517$922395
=942  \\$cBOO
=952  \\$00$10$2ddc$40$6GEN_21_000000000000000$70$8GEN$923168$aORPH$bORPH$cKM12_1$d2024-01-05$l1$m2$oGEN21$p20146247$q2025-07-21$r2024-02-02 00:00:00$s2024-02-02$w2024-02-01$yBOO
=999  \\$d21798

