=LDR  01137nam a22002297a 4500
=001  21799
=005  20250925143310.0
=008  240201s1997\\\\|||o||||\||||\00|\0\eng\d
=020  \\$a9781860742217
=041  \\$aeng
=100  1\$aClayson, Alan$4aut$927039
=245  \\$aHamburg:$bThe Cradle of British Rock
=260  \\$aLondon$bSanctuary Publishing Ltd$c1997
=300  \\$a287 pages
=520  \\$aA frank and often brutal account of how British idols-in-waiting served their apprenticeship for fame in Hamburg: the music, the personalities, the club scene, the sex, the prostitution, the drugs, the return home.
=648  \0$a20th Century (1901-2000)$1http://www.wikidata.org/entity/Q6927$920936
=650  \0$aPopular music$1http://www.wikidata.org/entity/Q373342$922015
=650  \0$aMusic history$1http://www.wikidata.org/entity/Q846047$921373
=651  \0$aHamburg (Germany)$1http://www.wikidata.org/entity/Q1055$921940
=942  \\$cBOO
=952  \\$00$10$2ddc$40$6TOP_DE_HAM_7_000000000000000$70$8TOP$923169$aORPH$bORPH$cKTS0$d2024-02-01$l1$oTOP DE.HAM 7$p20146246$q2024-07-29$r2024-02-02 00:00:00$s2024-02-02$w2024-02-01$yBOO
=999  \\$d21799

