=LDR  01414njm a22002177a 4500
=001  21800
=008  240201s1996\\\\||||||||\||||\00|\\\eng\d
=041  \\$aeng
=245  \\$aArkivalia Volume 1:$bMusic From The Henie-Onstad Art Center Archives
=260  \\$c1996$aNorway$bHenie-Onstad Kunstsenter
=300  \\$aCD
=500  \\$aMastered At – Strype Audio
Manufactured By – Dureco Norge
Design – union@union.no*
Liner Notes – Ole Henrik Moe*
Mastered By – Audun Strype
=505  \\$gEx-Position / Mauricio Kagel -- Muoyce / John Cage -- Sørgemarsj (Sonata In B-Minor) / Ole Henrik Moe*, F. Chopin* -- Vers La Flamme, Poeme Pour Piano 1914 / Alexander Scriabin* -- Sonate, Opus 26 For Two Pianos "Lykkehjuls-Sonaten" / Finn Mortensen -- Elektrofonia No. 1 / Bjørn Fongaard -- Ikhoor / Iannis Xenakis -- Excerpt From A Stockhausen-Seminar / Karlheinz Stockhausen -- Solitaire / Arne Nordheim
=650  \0$aPiano$1http://www.wikidata.org/entity/Q5994$92127
=650  \0$aElectronic music$1http://www.wikidata.org/entity/Q9778$922014
=700  0\$aFuruholmen, Magne$4pro$927050
=700  1\$aMoe, Ole Henrik$d1920-2013$4pro$927052
=700  1\$aMoe, Ole Henrik Jr.$d1966-$4pro$927051
=942  \\$cREC
=952  \\$00$10$2ddc$40$6REC_CD_MISC_1996_000000000000000$70$8REC$923170$aORPH$bORPH$cKM12_2_B$d2024-02-01$l1$oREC CD MISC 1996$p20146236$q2024-08-08$r2024-02-12 00:00:00$s2024-02-12$w2024-02-01$yREC
=999  \\$d21800

