=LDR  02228cam a2200289 i 4500
=001  21801
=005  20251001162314.0
=008  220716s2022\\\\gw\g\\\\\bm\\\001\0\eng\d
=020  \\$a9783515131698
=041  \\$aeng
=100  1\$aPare, Arabella$4aut$927042
=245  10$aFranz Schubert:$bThe Fragmentary Piano Sonatas
=260  \\$aStuttgart$bFranz Steiner$c2022
=300  \\$a418 pages$bmusic examples
=490  \\$aSchubert: Perspektiven--Studien$v7
=502  \\$bDoctoral$cHochschule für Musik Karlsruhe$d2019
=504  \\$aIncludes bibliographical references and index.
=520  \\$a
This study of the fragmentary piano sonatas by Franz Schubert, composed between 1815 and 1825, offers an individual analysis of each work, based upon a tripartite approach. It focuses on the aesthetic-philosophical nature of fragmentary works of art, the philological study of the extant manuscripts as well as recorded notational material and musical analyses.

This research includes a new perspective of Schubert's commitment to questions of form and compositional renewal and individuality. The engagement with the incomplete, unfinished and fragmentary piano sonatas makes it possible to see the paths towards the later, more well-known compositions. In these works of the early nineteenth century, the working-processes and musical innovations of the composer Franz Schubert are seen as a development of a highly personal stylistic and formal integrity and independence over the course of a productive and innovative decade. (Taken from: https://www.steiner-verlag.de/Franz-Schubert/9783515131698)
=600  \0$aSchubert, Franz$d1797-1828$1http://www.wikidata.org/entity/Q7312$96183
=650  \0$aSonata$1http://www.wikidata.org/entity/Q131269$921653
=650  \0$aPiano$1http://www.wikidata.org/entity/Q5994$92127
=650  \0$aMusical analysis$1http://www.wikidata.org/entity/Q1544924$92775
=650  \0$aComposing$1http://www.wikidata.org/entity/Q92186587$93076
=650  \0$aMusic philosophy and aesthetics$1http://www.wikidata.org/entity/Q2092865$921165
=942  \\$cBOO
=952  \\$00$10$2ddc$40$6BIO_SCHU1_E$70$8BIO$923171$aORPH$bORPH$cKTS1_P$d2024-01-26$l0$oBIO SCHU1 e$r2024-02-02 00:00:00$w2024-02-02$yBOO
=999  \\$d21801

