=LDR  01730cam a2200241 a 4500
=001  21802
=005  20251001162314.0
=008  090330s2009\\\\fr\af\\\\b\\\\000\0\fre\d
=020  \\$a9782020986878
=041  \\$aeng
=100  1\$aDusapin, Pascal$1http://www.wikidata.org/entity/Q516845$4aut$927043
=245  14$aUne musique en train de se faire
=260  \\$aParis$bSeuil$c2009
=300  \\$a187 pages$b[8] pages of plates
=490  \\$aLa librairie du XXIe siècle
=500  \\$aEssays on musical creation.
=504  \\$aIncludes bibliographical references.
=520  \\$a"Au fond, je ne parle jamais de musique. Je fais toujours un détour autour et alentour. Alors, j’invente des systèmes, sans jamais créer de corpus théorique ni même jamais m’inquiéter de la moindre cohérence entre eux. La question de la cohérence et même celle de la cohésion des systèmes est pour moi un sujet flou, et je greffe des petites machines à greffer d’autres greffes. Je dis toujours une chose pour une autre, parce que ce que je cherche, c’est « ça » : comprendre ce que je fais et quelquefois, savoir n’y rien comprendre. Car je veux toucher ce qui traverse. Jamais je n’évite."

"Apprendre, ce n’est pas seulement acquérir une maîtrise. Apprendre, c’est devenir un autre. Un autre, libre et souverain."

"La difficulté fut de métamorphoser mon désir en une expérience."
=650  \0$aComposing$1http://www.wikidata.org/entity/Q92186587$93076
=650  \0$aMusic philosophy and aesthetics$1http://www.wikidata.org/entity/Q2092865$921165
=942  \\$cBOO
=952  \\$00$10$2ddc$40$6AES_DUSA$70$8AES$923172$aORPH$bORPH$cKM12_1$d2024-02-02$l0$oAES DUSA$p20146234$r2024-02-02 00:00:00$w2024-02-02$yBOO
=999  \\$d21802

