=LDR  01895cam a2200325 i 4500
=001  21803
=005  20251001162314.0
=008  181221s2019\\\\nyua\\\\\b\\\\001\0\eng\\
=020  \\$a9781501313868$qpaperback
=041  \\$aeng
=100  1\$aMagnusson, Thor$1https://isni.org/isni/0000000426805317$4aut$927044
=245  10$aSonic Writing:$bTechnologies of Material, Symbolic and Signal Inscriptions
=260  \\$aNew York$bBloomsbury Academic$c2019
=300  \\$axiv-290 pages
=504  \\$aIncludes bibliographical references and index.
=505  0\$aIntroduction. On objects, humans, and machines. Part I. Material inscriptions. Instrumentality  -- New instruments -- Epistemic tools -- Digital organology.
=505  0\$aPart II. Symbolic inscriptions. Writing music -- Printing music -- New languages -- Machine notation.
=505  0\$aPart III. Signal inscriptions. Inscribing sound -- Recording -- Analysing -- Machine listening.
=505  0\$aPart IV. Digital writing. Transductions --  New notations -- Machine writing -- Music in multimedia.
=505  0\$aPart V. Conclusion. A future of music tech -- Transformation of tradition -- New education for new music.
=650  \0$aMusic philosophy and aesthetics$1http://www.wikidata.org/entity/Q2092865$921165
=650  \0$aNotation$1http://www.wikidata.org/entity/Q233861$91964
=650  \0$aMechanical musical instrument$1http://www.wikidata.org/entity/Q8614972$926213
=650  \0$aOrganology$1http://www.wikidata.org/entity/Q899293$921400
=650  \0$aTechnology$1http://www.wikidata.org/entity/Q11016$921633
=650  \1$aDigital art$1http://www.wikidata.org/entity/Q860372$925337
=650  \0$aSound art$1http://www.wikidata.org/entity/Q1744327$926713
=942  \\$cBOO
=952  \\$00$10$2ddc$40$6SCI_MAGN$70$8SCI$923173$aORPH$bORPH$cKM12_1$d2024-02-02$l0$oSCI MAGN$p20146235$r2024-02-02 00:00:00$w2024-02-02$yBOO
=999  \\$d21803

