=LDR  01392cam a2200289 i 4500
=001  21804
=008  220311s2022\\\\mauao\\\\b\\\\001\0\eng\\
=020  \\$a9780262544818
=041  \\$aeng
=245  10$aLive Coding:$bA User's Manual
=260  \\$aCambridge, Massachusetts$bThe MIT Press$c2022
=300  \\$axv-329 pages$billustrations
=490  \\$aSoftware studies
=504  \\$aIncludes bibliographical references (pages [295]-320) and index.
=520  \\$a"A multi-authored comprehensive introduction to live coding's potential open up deeper questions about contemporary cultural production and computational culture"--$cProvided by publisher.
=650  \0$aComputer science$1http://www.wikidata.org/entity/Q21198$92375
=650  \0$aPhilosophy$1http://www.wikidata.org/entity/Q5891$92357
=650  \0$aPerformance$1http://www.wikidata.org/entity/Q6942562$926223
=700  \\$aBlackwell, Kenneth$4aut$920434
=700  1\$aCocker, Emma$4aut$927047
=700  \\$aCox, Geoffrey$d-1951$4aut$910320
=700  1\$aMcLean, Alex$d1975-$1https://isni.org/isni/0000000370667022$4aut$927046
=700  1\$aMagnusson, Thor$1https://isni.org/isni/0000000426805317$4aut$927044
=856  \\$uhttps://livecodingbook.toplap.org/
=942  \\$cBOO
=952  \\$00$10$2ddc$40$6SCI_BLAC$70$8SCI$923175$aORPH$bORPH$cKM12_1$d2024-02-05$l0$oSCI BLAC$p20146259$r2024-02-05 00:00:00$w2024-02-05$yBOO
=999  \\$d21804

