=LDR  01025nam a22002297a 4500
=001  21805
=005  20251003085500.0
=008  240205s2023\\\\|||ago||\c|||\00|\0\dut\d
=041  \\$aeng$afre$adut
=110  \\$aArenberg Auctions (Brussels)$4auc$927079
=245  \\$aArenberg Auctions:$bPrints, Drawings, Photographs & Posters; Rare Books & Manuscripts
=260  \\$aBrussels$bArenberg$c2023
=300  \\$a220 pages
=500  \\$aAuction catalog for the live bidding on 14/12/2023-16/12/2023
=500  \\$abeautifully made with numerous colour prints
=650  \0$aCatalogue$1http://www.wikidata.org/entity/Q2352616$921484
=650  \0$aAuction$1http://www.wikidata.org/entity/Q177923$93849
=650  \0$aFine art$1http://www.wikidata.org/entity/Q219625$921579
=651  \0$aBrussels (Belgium)$1http://www.wikidata.org/entity/Q239$937
=942  \\$cBOO
=952  \\$00$10$2ddc$40$6BIB_4_000000000000000_BE_AREN$70$8BIB$923179$aORPH$bORPH$cKTS0$d2024-02-12$l0$oBIB4 BE.AREN$p20146284$r2024-02-12 00:00:00$w2024-02-12$yBOO
=999  \\$d21805

