=LDR  01779nam a22002297a 4500
=001  21806
=008  240205s1594\\\\|||\||||\||||\00|\0\lat\d
=041  \\$alat
=100  1\$aStellato, Marcello$dapproximately 1500-approximately 1543$4aut$927049
=245  \\$aZodiacus vitae: hoc est, $bDe hominis vita, studio, ac moribus optime instituendis, Libri XII
=260  \\$aBasel$bOsten$c1594
=300  \\$a366-[100] pages$bsmall neat volume, bound in vellum
=500  \\$aA Latin poem in 12 books, one for each sign of the zodiac, first published in Basel in 1537. 
"The poem addresses the subject of human happiness in connection with scientific knowledge, and combines metaphysical speculation with satirical attacks on ecclesiastical hypocrisy, and especially on the Popes and Martin Luther". [wikipedia page for Pier Angelo Manzolli]
=500  \\$aPope Paul IV placed his book in the first Index Librorum Prohibitorum, ("Index of Prohibited Books"), in 1559.
=500  \\$aPier Angelo Manzolli was a name used for the author of the book Zodiacus vitae, who is believed to be the Neapolitan poet Marcello Stellato. The persona of Pier Angelo Manzolli (or Manzoli) was created by Jacopo Facciolati in the eighteenth-century.
=561  \\$aEx libris [name written on back of last page], 1608.
=590  \\$aOpus mire eruditum, planeq philosophicum, ac diligentussime in Studiosorum usum denuo excusum. Cum indice accuratissimo. 
=648  \0$a16th Century (1501-1600)$1http://www.wikidata.org/entity/Q7017$920944
=650  \0$aAstrology$1http://www.wikidata.org/entity/Q34362$925903
=942  \\$cBOO
=952  \\$00$10$2ddc$40$6KTS_1_000000000000000_C3_47_X3A15$70$8RAR$923176$aORPH$bORPH$d2024-02-05$eKoopman$l0$oKTS1 C3.47 X3A15$p20146265$r2024-02-05 00:00:00$w2024-02-05$yBOO
=999  \\$d21806

