=LDR  01921aam a2200277   4500
=001  21808
=008  240206s1608\\\\|||g||||\||||\00|\0\lat\d
=041  \\$alat
=100  \\$aChyträus, Nathan$d1543-1598$1http://www.wikidata.org/entity/Q100718$98946
=245  \\$aIn Georgii Buchanani Paraphrasin Psalmorum Collectanea Nathanis Chytraei
=260  \\$aHerborn$bCorvinus$c1608
=300  \\$a[viii]-112 pages$b2 books in 1 vol., bound in vellum with traces of ties, woodcut illuminations, contains printed music
=500  \\$aNotes and explications to the Psalms paraphrasings by George Buchanan, with which this is bound, in a matching edition by Nathan Chyträus. 
=500  \\$aWith music in the last pages of the book (four part settings of Psalm melodies, the four parts printed on two opposite pages), printed in music type.
=501  \\$aBound in with Chyträus' edition of Psalmorum Davidis Paraphrasis poëtica by George Buchanani (Herborn, 1608).
=563  \\$aMold damage to upper corner of book block, pages mostly unaffected. 
=590  \\$aQuibus vocabula, & modi loquendi tam poëtici, quam alias difficiliores, & minus vulgo obuii, perspicue explicantur: In gratiam eorum, quibus huiusmodi, ut videntur, minuta investigare aut non libet, aut non vacat.
=648  \0$a16th Century (1501-1600)$1http://www.wikidata.org/entity/Q7017$920944
=650  \0$aReligion$1http://www.wikidata.org/entity/Q9174$93062
=650  \0$aPsalm$1http://www.wikidata.org/entity/Q12497663$92164
=650  \0$aPoetry$1http://www.wikidata.org/entity/Q482$93026
=650  \0$aLatin$1http://www.wikidata.org/entity/Q397$93992
=700  \\$aBuchanan, George$d1506-1582$1http://www.wikidata.org/entity/Q715169$95676
=942  \\$cBOO
=952  \\$00$10$2ddc$40$6KTS_1_000000000000000_C3_47_X3A18B$70$8RAR$923178$aORPH$bORPH$cKTS1_C3$d2024-02-06$eKoopman$l0$oKTS1 C3.47 X3A18b$p20146268b$r2024-02-06 00:00:00$w2024-02-06$yBOO
=999  \\$d21808

