=LDR  00638nam a22001697a 4500
=001  21809
=008  240212s2017\\\\|||ao|||\||||\00|\0\dut\d
=041  \\$adut
=100  \\$aMuyllaert, Sophie$4edt$927080
=245  \\$aErfgoedprijs '17:$bOnderzoek & publiekswerking
=260  \\$bProvincie West-Vlaanderen$c2017$aBrugge
=300  \\$a65-58 pages
=650  \0$aCultural property$927081
=651  \0$aFlanders (Belgium)$1http://www.wikidata.org/entity/Q234$989
=942  \\$cBOO
=952  \\$00$10$2ddc$40$6TOP_BE_FLA_7_000000000000000$70$8TOP$923180$aORPH$bORPH$cKTS0$d2024-02-12$l0$oTOP BE.FLA 7$p20146285$r2024-02-12 00:00:00$w2024-02-12$yBOO
=999  \\$d21809

