=LDR  01178ncm a22002417a 4500
=001  21814
=008  240212s2020\\\\|||||l||\||||\00|\0\mul\d
=041  \\$aita$ager$aeng
=100  \\$aBenaglia, Lucio Mosè$4cmp$927090
=240  \\$aop. 19A
=245  \\$aSonata barocca nello stile degli antichi maestri Italiani
=246  \1$aBaroque Sonata in the Style of the Ancient Italian Masters
=260  \\$aMunchen$bBenaglia$c2020
=300  \\$a15 pages
=500  \\$aFor more information and recordings, see: https://luciomosebenaglia.com/en/portfolio_page/sonata-barocca-nello-stile-degli-antichi-maestri-italiani/
=500  \\$aDedication to Ton Koopman from the composer after the preface
=590  \\$aper violino e basso continuo/für Violine und Basso Continuo/for violin and basso continuo
=650  \0$aSonata$1http://www.wikidata.org/entity/Q131269$921653
=650  \0$aViolin$1http://www.wikidata.org/entity/Q8355$92783
=650  \0$aBasso continuo$1http://www.wikidata.org/entity/Q724321$921065
=942  \\$cSCO
=952  \\$00$10$2ddc$40$6SCO_BENA$70$8SCO$923187$aORPH$bORPH$cKTS1_P$d2024-02-12$eKoopman$l0$oSCO BENA$p20146288$r2024-02-12 00:00:00$w2024-02-12$ySCO
=999  \\$d21814

