=LDR  00665ncm a22001817a 4500
=001  21820
=008  240212s2014\\\\|||||l||\||||\00|\0\ita\d
=024  \\$a9790216000888
=041  \\$aita
=100  \\$aRossi, Antonio$4cmp$927091
=245  \\$aPraeludium cum Ricercar Chromatico  a 3:$b"fur Klavier"
=260  \\$aPerugia$bPrendinota$c2014
=300  \\$a9 pages
=650  \0$aPrelude$1http://www.wikidata.org/entity/Q212148$921947
=650  \0$aPiano$1http://www.wikidata.org/entity/Q5994$92127
=942  \\$cSCO
=952  \\$00$10$2ddc$40$6SCO_ROSS4$70$8SCO$923193$aORPH$bORPH$cKTS1_P$d2024-02-12$eKoopman$l0$oSCO ROSS4$p20146293$r2024-02-12 00:00:00$w2024-02-12$ySCO
=999  \\$d21820

