=LDR  01388cjm a2200229 a 4500
=001  21821
=008  050302s2002\\\\nyumun|\\\\\\\\\\\|\eng\d
=024  1\$a075597962321
=041  \\$aeng
=100  \\$aRzewski, Frederic$d1938-2021$1http://www.wikidata.org/entity/Q1346849$4cmp$4prf$918579
=245  10$aRzewski plays Rzewski:$bPiano Works, 1975-1999
=260  \\$aNew York$bNonesuch$c2002
=300  \\$a7 CDs
=505  00$gDisc 1.$tNorth American ballads ;$tThe Housewife's lament --$gDisc 2.$tMayn Yingele ;$tA Life ;$tFougues --$gDisc 3.$tFantasia ;$tSonata --$gDisc 4.$tThe Road,$gparts I & II --$gDisc. 5.$tThe Road,$gparts III & IV --$gDisc 6.$g36 variations on The$tPeople united will never be defeated =$tEl Pueblo unido jamás será vencido / by Sergio Ortega and Quilapayún --$gDisc 7.$tDe profundis.
=508  \\$aProduced and edited by Marc-Henri Cykiert.
=518  \\$aRecorded Mar. 1998-Mar. 2001, Odéon 120/The Right Place, Brussels.
=650  \0$aPiano$1http://www.wikidata.org/entity/Q5994$92127
=650  \0$aSonata$1http://www.wikidata.org/entity/Q131269$921653
=650  \0$aTheme and variations$1http://www.wikidata.org/entity/Q763324$92038
=942  \\$cREC
=952  \\$00$10$2ddc$40$6REC_CD_RZEW_2002_000000000000000$70$8REC$923199$aORPH$bORPH$cKM12_2_B$d2024-02-13$l1$oREC CD RZEW 2002$p20146303$q2024-08-09$r2024-02-13 00:00:00$s2024-02-13$w2024-02-13$yREC
=999  \\$d21821

