=LDR  02090nam a22002057a 4500
=001  21822
=008  240213s2023\\\\|||ao|||\||||\00|\0\eng\d
=020  \\$a9781032001111
=041  \\$aeng
=100  1\$aBurbano, Andrés$4aut$927095
=245  \\$aDifferent Engines:$bMedia Technologies From Latin America
=260  \\$aOxon$aNew York$bRoutledge$c2023
=300  \\$axii-208 pages
=520  \\$aDifferent Engines investigates the emergence of technologies in Latin America to create images, sounds, video games, and physical interactions. The book contributes to the construction of a historiographical and theoretical framework for understanding the work of creators who have been geographically and historically marginalized through the study of five exemplary and yet relatively unknown artifacts built by engineers, scientists, artists, and innovators. It offers a broad and detailed view of the complex and sometimes unlikely conditions under which technological innovation is possible and of the problematic logics under which these innovations may come to be devalued as historically irrelevant. Through its focus on media technologies, the book presents the interactions between technological and artistic creativity, working towards a wider understanding of the shifts in both fields that have shaped current perceptions, practices, and design principles while bringing into view the personal, social, and geopolitical singularities embodied by particular devices. It will be an engaging and insightful read for scholars, researchers, and students across a wide range of disciplines, such as media studies, art and design, architecture, cultural history, and the digital humanities.
=650  \0$aTechnology$1http://www.wikidata.org/entity/Q11016$921633
=650  \1$aDigital art$1http://www.wikidata.org/entity/Q860372$925337
=651  \0$aSouth America$1http://www.wikidata.org/entity/Q1$922373
=942  \\$cBOO
=952  \\$00$10$2ddc$40$6SCI_BURB$70$8SCI$923200$aORPH$bORPH$cKM12_1$d2024-02-08$l1$oSCI BURB$p20146304$q2024-08-09$r2024-02-13 00:00:00$s2024-02-13$w2024-02-13$yBOO
=999  \\$d21822

