=LDR  02309cam a22002538i 4500
=001  21826
=005  20250925143310.0
=008  230308s2023\\\\nyugo||\\b\\\\001\0deng\\
=020  \\$a9780197652350
=041  \\$aeng
=100  1\$aSalem, Joseph$4aut$927124
=245  10$aPierre Boulez:$bThe Formative Years
=260  \\$aNew York$bOxford University Press,$c2023.
=300  \\$axiv-378 pages
=504  \\$aIncludes bibliographical references and index.
=520  \\$a"Pierre Boulez was born a middle child to Léon and Marcelle Boulez on March 26, 1925 in Montbrison, a community not far from Saint-Étienne in the Loire valley of France. By today's faster standards, this put him a little over an hour from Lyon, about three hour's drive from Geneva, about five hours from Paris, and about seven from Baden-Baden-all future residences of Boulez during his formative period. Montbrison was predominately Catholic and relatively small: it probably had a population of about 7,000 during Boulez's childhood in the 1930s, while census statistics from 1968 begin at 11,213. By comparison, nearby Saint-Étienne had a census population of 223,223 in the same year, and Lyon stood at 527,800. While Montbrison was primarily agricultural, Boulez's father was an engineer. By the time Boulez turned five, the family owned a private home and a radio that occasionally broadcast orchestral music. The radio came from a business trip abroad to the United States, but the family also traveled frequently within France. Thus, while he was born into a smaller community some distance from cultural centers in France, Boulez's childhood foreshadowed the slow, growing circumference of his worldly presence"--$cProvided by publisher.
=600  \0$aBoulez, Pierre$d1925-2016$1http://www.wikidata.org/entity/Q156193$918237
=648  \0$a20th Century (1901-2000)$1http://www.wikidata.org/entity/Q6927$920936
=650  \0$aBiography$1http://www.wikidata.org/entity/Q36279$91927
=650  \0$aMusic history$1http://www.wikidata.org/entity/Q846047$921373
=650  \0$aMusic criticism$1http://www.wikidata.org/entity/Q11748889$921598
=942  \\$cBOO
=952  \\$00$10$2ddc$40$6BIO_BOUL_D$70$8BIO$923219$aORPH$bORPH$cKTS1_P$d2024-02-28$l1$oBIO BOUL d$p20146359$q2024-08-24$r2024-02-28 00:00:00$s2024-02-28$w2024-02-28$yBOO
=999  \\$d21826

