=LDR  02958cam a2200265 i 4500
=001  21827
=005  20251001162314.0
=008  230522s2023\\\\nyuag\\\\b\\\\001\0\eng\\
=020  \\$a9780197565407
=041  \\$aeng
=100  \\$aRink, John$4aut$916396
=245  10$aMusic in Profile:$bTwelve Performance Studies
=260  \\$aNew York$bOxford University Press$c2023
=300  \\$axxix-316 pages
=504  \\$aIncludes bibliographical references and index.
=505  0\$aPart 1. On performance and performance studies. The state of play in musical performance studies ; Impersonating the music in performance ; The work of the performer -- Part 2. On historical performance. Moments of truth : performing musicology ; Translating musical meaning : the performer as narrator ; Authentic Chopin -- Part 3. On analysis and performance. From analysis to 'performer's analysis' ; Playing in time ; Analysing motif and gesture in performance ; The (f)utility of performance analysis -- Part 4. On artistic research. Judging Chopin : an evaluation of musical experience ; Between practice and theory: performance studies and/as artistic research.
=520  \\$a"This book reflects the increasing significance of musical performance studies in recent decades. Originally published as separate essays over thirty years, the twelve chapters have been refashioned as a monograph which is both scholarly in nature and intensely personal, building on the author's extensive musical experience, most notably as a pianist. Hence the primary focus on piano music by Chopin, Schubert, Liszt, Brahms and Rachmaninoff. The book's cross-cutting themes nevertheless apply to diverse performance idioms and domains. By exploring themes in complementary ways, the book offers broad insights into musical ontology, epistemology and semantics while demonstrating various methodologies now used to study performance. Among other things, it highlights the powerful effects that experiencing music in performance can have on those who take part in it, in any capacity. There are many practical insights too. The volume has four sections, focusing on 'performance and performance studies', historical performance, analysis and performance, and artistic research. Case studies of romantic masterpieces for the piano feature throughout"--$cProvided by publisher.
=600  \0$aChopin, Frédéric$d1810-1849$1http://www.wikidata.org/entity/Q1268$916495
=650  \0$aPerformance$1http://www.wikidata.org/entity/Q6942562$926223
=650  \0$aMusic philosophy and aesthetics$1http://www.wikidata.org/entity/Q2092865$921165
=650  \0$aMusic history$1http://www.wikidata.org/entity/Q846047$921373
=650  \0$aMusical analysis$1http://www.wikidata.org/entity/Q1544924$92775
=942  \\$cBOO
=952  \\$00$10$2ddc$40$6MTP_2_000000000000000_RINK$70$8MTP$923220$aORPH$bORPH$cKM12_1$d2024-02-14$l1$oMTP2 RINK$p20146360$q2024-08-24$r2024-02-28 00:00:00$s2024-02-28$w2024-02-28$yBOO
=999  \\$d21827

