=LDR  02335cam a22002414a 4500
=001  21828
=008  070720s2007\\\\gw\aogc\\b\\\\001\0\ger\\
=020  \\$a9783937717210
=041  \\$ager
=100  1\$aSchwandt, Christoph$d1956-2015$1http://www.wikidata.org/entity/Q1085825$4edt$927125
=245  00$aOper in Köln:$bvon den Anfängen bis zur Gegenwart
=260  \\$aBerlin$bDittrich$c2007
=300  \\$a648 pages
=504  \\$aIncludes bibliographical references (p. 609-618) and index.
=520  \\$aThe opera house designed by Wilhelm Riphahn on Cologne's Offenbachplatz was opened in May 1957. Important works of musical theatre were premiered in the architecturally pioneering theatre building: for example, Wolfgang Fortner's " Bluthochzeit" in its opening year and "Die Soldaten" by Bernd Alois Zimmermann in 1965. Great artistic personalities such as the conductors Günter Wand, István Kertész and John Pritchard have characterised the performances of the Cologne Opera ever since. The Mozart cycle staged by Jean-Pierre Ponnelle and Wagner's "Ring des Nibelungen" by Robert Carsen and Patrick Kinmonth gained international acclaim, and to mark the fiftieth anniversary of today's opera house, a comprehensive account of Cologne's opera history from its beginnings in the 17th century to the present day at the start of the 21st century is now being published for the first time. The authors of the individual chapters are Martina Grempler, Dieter Gutknecht, Egbert Hiller, Eberhard Illner, Johannes Jansen, Klaus W. Niemöller, Stefan Rütter, Kerstin Schüssler-Bach, Christoph Schwandt, Michael Struck-Schloen, Thomas Synofzik, Claudia Valder-Knechtges, Grete Wehmeyer, Robertvon Zahn and Christoph Zimmermann. (Translated with DeepL.com)
=610  20$aKölner Oper$1http://www.wikidata.org/entity/Q869662$927126
=650  \0$aMusic history$1http://www.wikidata.org/entity/Q846047$921373
=650  \0$aTheater history$1http://www.wikidata.org/entity/Q1061140$94607
=650  \0$aOpera$1http://www.wikidata.org/entity/Q1344 $92468
=651  \0$aCologne (Germany)$1http://www.wikidata.org/entity/Q365$921601
=942  \\$cBOO
=952  \\$00$10$2ddc$40$6TOP_DE_COL_7_000000000000000$70$8TOP$923221$aORPH$bORPH$cKTS0$d2024-02-12$l1$oTOP DE.COL 7$p20146361$q2024-08-24$r2024-02-28 00:00:00$s2024-02-28$w2024-02-28$yBOO
=999  \\$d21828

