=LDR  02093cam a2200277 a 4500
=001  21829
=005  20250925143310.0
=008  920410s1991\\\\gw\ab\\\\b\\\\001\0\ger\\
=020  \\$a3761610742
=041  \\$ager
=245  00$aKöln:$bseine Bauten 1928-1988
=260  \\$aCologne$bBachem$c1991
=300  \\$a544 pages$b255 ill., maps
=500  \\$aWith contributions from Werner Backer, Hermannjosef Beu, Walter Boese, Herbert Borsum, Franz Braun, Alfred Christmann, Dietmar Douglas, Günter Frank, Marion Grams-Thieme, Wolfram Hagspiel, Otto Halfmann, Heribert Hall, Jürgen Hartmann, Helmut Haumann, Helmut Heinemann, Werner Heinen, Fritz Hilgers, Kurt Jatho, Hiltrud Kier, Gerhard Kolberg, Hannelore Künzl, Peter Lack, Paul G. Land, Hans Langemann, Willi Leclaire, Holger Liebs, Gerhard Lohmann, Harald Ludmann, Wolfgang Meyer, Helga Murmann, Jürgen W. Niepage, Hubertus Oelmann, Bernd Paech, Jochen Perthel, Eva-Christine Raschke, Kurt Rossa, Jörg Rüter, Hans-Joachim Sahr, Günter Schade, Werner Schäfke, Wilhelm Schlombs, Regine Schlungbaum-Stehr, Kurt Schönbohm, Kristin Schultz-Coulon, Maria Schwarz, Ulrich Schweizer, Werner Strodthoff, Reinhard Thon, Klaus Uhlig, Wolfgang Velleur, Anne Marie Weimann, Heribert Wiesemann, Hans-Manfred Wolf, Arnold Wolff, Brigitte Wolff
=504  \\$aIncludes bibliographical references and indexes.
=648  \0$a20th Century (1901-2000)$1http://www.wikidata.org/entity/Q6927$920936
=650  \0$aArchitecture$1http://www.wikidata.org/entity/Q12271$93185
=650  \0$aHistory$1http://www.wikidata.org/entity/Q309$921403
=650  \0$aUrban design$1http://www.wikidata.org/entity/Q63100$939883
=651  \0$aCologne (Germany)$1http://www.wikidata.org/entity/Q365$921601
=700  1\$aHall, Heribert$d1924-$4edt$927127
=710  2\$aArchitekten- und Ingenieurverein Köln e.V. von 1875$927129
=710  2\$aFachhochschule Köln$927130
=942  \\$cBOO
=952  \\$00$10$2ddc$40$6TOP_DE_COL_7_000000000000000$70$8TOP$923222$aORPH$bORPH$cKTS0$d2024-02-16$l1$oTOP DE.COL 7$p20146362$r2024-03-14 00:00:00$s2024-02-28$w2024-02-28$yBOO
=999  \\$d21829

