=LDR  01057ncm a22002297a 4500
=001  21830
=005  20250926135310.0
=008  240228s1976\\\\|||||l||\||||\00|\0\mul\d
=041  \\$ager$aeng
=100  \\$aBach, Carl Philipp Emanuel$d1714-1788$1http://www.wikidata.org/entity/Q76428$4cmp$99218
=240  \\$aWq 50
=245  \\$aSechs Sonaten mit veränderten Reprisen für Clavier (1760)
=246  \1$aSix Sonatas with Varied Reprises for Keyboard (1760)
=260  \\$aWinterthur$bAmadeus$bPäuler$c1976
=300  \\$axxxvi-72-[2] pages
=648  \0$a18th Century (1701-1800)$1http://www.wikidata.org/entity/Q7015$920899
=650  \0$aSonata$1http://www.wikidata.org/entity/Q131269$921653
=650  \0$aKeyboard music$1http://www.wikidata.org/entity/Q105715630$921412
=700  1\$aDarbellay, Etienne$1http://www.wikidata.org/entity/Q106291730$4edt$927131
=942  \\$cSCO
=952  \\$00$10$2ddc$40$6SCO_BACH2$70$8SCO$923223$aORPH$bORPH$cKTS1_P$d2024-02-13$g14.00$l1$oSCO BACH2$p20146363$q2024-08-24$r2024-02-28 00:00:00$s2024-02-28$w2024-02-28$ySCO
=999  \\$d21830

