=LDR  01168nam a2200265 a 4500
=001  21833
=008  940311s1993\\\\sz\\\\\\\b\\\\000\0\fre\\
=020  \\$a2600000046
=040  \\$aOI
=041  \\$afre
=100  \\$aSclippa, Norbert$d1944-$4aut$927133
=245  13$aLa loi du père et les droits du cœur :$bessai sur les tragédies de Voltaire
=260  \\$aGeneva$bDroz$c1993
=300  \\$a127 pages$c23 cm
=490  1\$aHistoire des idées et critique littéraire$v326
=504  \\$aIncludes bibliographical references (p. [123]-127).
=600  \0$aVoltaire$d1694-1778$1http://www.wikidata.org/entity/Q9068$95159
=648  \0$a18th Century (1701-1800)$1http://www.wikidata.org/entity/Q7015$920899
=650  \0$aTragedy$1http://www.wikidata.org/entity/Q80930$924998
=650  \0$aReligion$1http://www.wikidata.org/entity/Q9174$93062
=650  \0$aEnlightenment$1http://www.wikidata.org/entity/Q12539$94532
=651  \0$aFrance$1http://www.wikidata.org/entity/Q142$9131
=942  \\$cBOO
=952  \\$00$10$2ddc$40$6LIT_VOLT_B_SCLI$70$8LIT$923226$aORPH$bORPH$cKM12_2_H$d2024-01-26$g26.57$l0$oLIT VOLT b SCLI$p20132245$r2024-02-28 00:00:00$w2024-02-28$yBOO
=999  \\$d21833

