=LDR  01817nam a22002537a 4500
=001  21834
=005  20251103124736.0
=008  240228s2023\\\\|||go|||\||||\00|\0\eng\d
=020  \\$a9783795726126
=041  \\$aeng
=100  \\$aArditti, Irvine$4aut$918217
=245  \\$aCollaborations:$bReflections on 50 Years of Working with Composers
=260  \\$aMainz$bSchott$c2023
=300  \\$a519 pages
=520  \\$aIn his book the British violinist Irvine Arditti, founder and leader of the world-famous Arditti Quartet, describes his close collaboration with many composers, as Luigi Nono, Luciano Berio, Giacinto Scelsi, Mauricio Kagel, Hans Werner Henze, Karlheinz Stockhausen, John Cage, György Ligeti, Elliott Carter, Jonathan Harvey, James Dillon … "It was quite a few years ago that I had the idea to document the many years I have spent in the music profession, first as an orchestral player but then as a soloist and the founder and leader of the Arditti Quartet. My interest in contemporary music goes back to my early teens and has continued through a celebrated 48 years of quartet playing, working with many of the most interesting contemporary composers." (Note from the Author)
=650  \0$aComposing$1http://www.wikidata.org/entity/Q92186587$93076
=650  \0$aPerformance$1http://www.wikidata.org/entity/Q6942562$926223
=650  \0$aString quartet$1http://www.wikidata.org/entity/Q207338$94110
=650  \0$aViolin$1http://www.wikidata.org/entity/Q8355$92783
=650  \0$aMusical interpretation$1http://www.wikidata.org/entity/Q1668139$94533
=650  \0$aMusic history$1http://www.wikidata.org/entity/Q846047$921373
=942  \\$cBOO
=952  \\$00$10$2ddc$40$6GHM_7_000000000000000$70$8GHM$923227$aORPH$bORPH$cKM12_1$d2024-02-23$l0$oGHM7$p20146364$r2024-02-28 00:00:00$w2024-02-28$yBOO
=999  \\$d21834

