=LDR  00875acm a2200157   4500
=001  21835
=008  150429s1977\\\\\\\\\\\\\\\\\\\\\\0\mul\d
=041  \\$ager$aeng$afre
=100  \\$aStockhausen, Karlheinz$d1928-2007$1http://www.wikidata.org/entity/Q37546939$4cmp$915865
=245  \\$aSternklang:$bParkmusik für 5 Gruppen
=260  \\$aKürten$bStockhausen-Verlag$c1977
=300  \\$a61-[18] pages$clarge
=500  \\$aSternklang (Star Sound), is "park music for five groups" composed in 1971 by Karlheinz Stockhausen, and bears the work number 34 in his catalogue of compositions. The score is dedicated to his spouse, Mary Bauermeister, and a performance of the work lasts from two-and-a-half to three hours.
=942  \\$cSCO
=952  \\$00$10$2ddc$40$6SCO_XL_STOC$70$8SCO$923229$aORPH$bORPH$cKTS1_P$d2024-03-01$l0$oSCO XL STOC$p20146365$r2024-03-01 00:00:00$w2024-03-01$ySCO
=999  \\$d21835

