=LDR  01440cam a2200277 i 4500
=001  21836
=008  130920s2013\\\\it\ag\\\\b\\\\001\0\ita\d
=020  \\$a9788834016510
=020  \\$a8834016513
=041  \\$aita
=100  1\$aWeiss, Piero$1http://www.wikidata.org/entity/Q7191929$4aut$927134
=245  10$aL'opera italiana nel '700
=260  \\$aRoma$bAstrolabio$c2013
=300  \\$a295 pages$billustrations, music
=490  \\$aAdagio
=500  \\$aPublished posthumously.
=504  \\$aIncludes bibliographical references (pages 276-285) and index.
=520  \\$aThis study on the origin and development of eighteenth-century Italian opera in Italy owes its novelty and freshness to its origin in a direct scouring of the documents in the libraries of the Neapolitan conservatories and the major Italian musical institutions associated with eighteenth-century opera in music.
(Translated with DeepL.com)
=561  \\$aEx libris Nicholas Cornia
=648  \0$a18th Century (1701-1800)$1http://www.wikidata.org/entity/Q7015$920899
=650  \0$aOpera$1http://www.wikidata.org/entity/Q1344 $92468
=651  \0$aItaly$1http://www.wikidata.org/entity/Q38$922
=700  \\$aMellace, Raffaele$d1969-$1http://www.wikidata.org/entity/Q112449909$4edt$912706
=942  \\$cBOO
=952  \\$00$10$2ddc$40$6TOP_IT_5_000000000000000$70$8TOP$923230$aORPH$bORPH$cKTS0$d2024-03-01$l0$oTOP IT 5$p20146366$r2024-03-01 00:00:00$w2024-03-01$yBOO
=999  \\$d21836

