=LDR  01669cam a22003011  4500
=001  21837
=008  770307s1864\\\\fr\c\\\\\b\\\\001\0\fre\\
=040  \\$aOI
=041  \\$afre
=100  \\$aCollé, Charles$d1709-1783$1http://www.wikidata.org/entity/Q2404425$4aut$97185
=245  10$aCorrespondance inédite de Collé$bfaisant suite à son journal
=260  \\$aParis$bPlon$c1864
=300  \\$a[ii]-493-[3] pages$cengraved frontispiece with portrait, 1 folded page
=500  \\$aPortrait of Collé by Adrien Nargeot (1837-1891)
=500  \\$a2 facsimiles inserted with Collés handwriting
=561  \\$aEx libris Max-la-Fosse (plate); auctioned in 1982; acquired from Arenberg Auctions, 16 December 2023
=590  \\$aAccompagnée de fragments également inédits de ses ouvrages posthumes publié sur les manuscrits autographes originaux
=648  \0$a18th Century (1701-1800)$1http://www.wikidata.org/entity/Q7015$920899
=650  \0$aThéâtre de société$1http://www.wikidata.org/entity/Q3527725$921127
=650  \0$aWriter$1http://www.wikidata.org/entity/Q36180$93885
=650  \0$aBiography$1http://www.wikidata.org/entity/Q36279$91927
=650  \0$aCorrespondence$1http://www.wikidata.org/entity/Q1784733$921392
=651  \0$aFrance$1http://www.wikidata.org/entity/Q142$9131
=700  \\$aBonhomme, Honoré$d1811-1890$1http://www.wikidata.org/entity/Q106009897$4win$4edt$926872
=856  \\$uhttps://gallica.bnf.fr/ark:/12148/bpt6k405904g$3Gallica
=942  \\$cBOO
=952  \\$00$10$2ddc$40$6KTS_1_000000000000000_H_01_013_04$70$8RAR$923233$aORPH$bORPH$cKTS1_H$d2024-03-04$l0$oKTS1 H.01.013_04$p20146367$r2024-03-04 00:00:00$w2024-03-04$yBOO
=999  \\$d21837

