=LDR  01676cam a2200349 a 4500
=001  21840
=005  20250120120937.0
=008  920401s1991\\\\gw\a\\\\\bc\\\000\0bger\c
=020  \\$a3927715085
=040  \\$aOI
=041  \\$ager
=042  \\$alcnccp
=245  10$aHans Henny Jahnn/Ugrino:$bdie Geschichte einer Künstler- und Glaubensgemeinschaft
=260  \\$aHannover$bRevonnah$c1991
=300  \\$a250-xxxiv pages$billustrations$c27 cm
=500  \\$a"Katalog zu der Ausstellung ... in der Niedersächsische Landesbibliothek Hannover vom 27. September bis 9. November 1991"--Verso of t.p.
=504  \\$aIncludes bibliographical references (p. xi-xxxi).
=600  \0$aJahnn, Hans Henny$d1894-1959$912428
=600  \0$aBuxtehude, Dietrich$d1637-1707$1http://www.wikidata.org/entity/Q153637$910062
=600  \0$aScheidt, Samuel$d1587-1654$1http://www.wikidata.org/entity/Q169291$96474
=610  \0$aGlaubensgemeinde Ugrino (Hamburg, Germany)$1http://www.wikidata.org/entity/Q124843772$927162
=650  \0$aReligion$1http://www.wikidata.org/entity/Q9174$93062
=650  \0$aInstitution$1http://www.wikidata.org/entity/Q178706$94241
=650  \0$aMusic printing$1http://www.wikidata.org/entity/Q64416036$94007
=650  \0$aOrgan$1http://www.wikidata.org/entity/Q1444$92810
=651  \0$aHamburg (Germany)$1http://www.wikidata.org/entity/Q1055$921940
=700  \\$aHengst, Jochen$d1953-$4aut$927159
=700  \\$aLewinski, Heinrich$4aut$927160
=700  \\$aDrews, Arne$4ctb$927161
=942  \\$cBOO
=952  \\$00$10$2ddc$40$6BIO_JAHN_D$70$8BIO$923238$aORPH$bORPH$cKTS1_P$d2024-02-26$g9.98$l0$oBIO JAHN d$p20132247$r2024-03-14 00:00:00$w2024-03-14$yBOO
=999  \\$d21840

