=LDR  01288aam a2200229   4500
=001  21843
=008  240320s1784\\\\|||a||||\||||\00|\d\swe\d
=041  \\$aswe
=100  1\$aEnvallsson, Carl$d1756-1806$1http://www.wikidata.org/entity/Q5713806$4aut$927191
=245  \\$aHerregårds högtiden.$bDramatiskt divertissement
=260  \\$aStockholm$bKongl. Tryckeriet$c1784
=300  \\$a[ii]-23 pages
=500  \\$aMusic by Johan David Zander (c.1751-1796)
=500  \\$a"Performed at the Swedish Theatre at Eriksberg on 4 August 1784, on the occasion of His Majesty the King's return from Italy."
=590  \\$aUti En Act. Musiquen af Hr. Zander. Upförd på Svenska Theatren å Eriksberg den 4 Augusti 1784, i anledning af Hans Maj:Ts Konungens återkomst från Italien
=648  \0$a18th Century (1701-1800)$1http://www.wikidata.org/entity/Q7015$920899
=650  \0$aPlay (theater)$1http://www.wikidata.org/entity/Q25379$921414
=650  \0$aLibretto$1http://www.wikidata.org/entity/Q131084$94031
=651  \0$aStockholm (Sweden)$1http://www.wikidata.org/entity/Q1754$924507
=942  \\$cBOO
=952  \\$00$10$2ddc$40$6KTS_1_000000000000000_C3_52_G1015D$70$8SCO$923242$aORPH$bORPH$cKTS1_C3$d2024-03-20$eKoopman$l0$oKTS1 C3.52 G1-015d$p20146444d$r2024-03-20 00:00:00$w2024-03-20$yBOO
=999  \\$d21843

