=LDR  02030nam a22002777a 4500
=001  21845
=008  240325s2023\\\\|||ago||\||||\00|\0\eng\d
=020  \\$a9788849246018
=041  \\$aeng
=100  \\$aBarbieri, Patrizio$d?-2024$4aut$4edt$910277
=245  \\$aTuning and Temperament:$bPractice vs Science 1450-2020
=260  \\$aRome$bGangemi$c2023
=300  \\$a591 pages
=520  \\$aUntil now, the problem of tuning instruments has been mainly viewed as an aspect of a phylologically correct performance practice. Besides several chapters dealing with this important latter aspect, the volume also devotes ample space also to the evolution of the tuning problem from  a purely  scientific point of view, starting from the Scientific Revolution and more particularly during the Enlightenment, with the decisive development of a new science: “Acoustics”. It consists of a series of articles, most already published in Italian, presented here in English translation − revised, restructured, partly rewritten, expanded (in some cases radically) − and distributed over 21 chapters.
=650  \0$aHistory$1http://www.wikidata.org/entity/Q309$921403
=650  \0$aAcoustics$1http://www.wikidata.org/entity/Q82811$921365
=650  \0$aTuning$1http://www.wikidata.org/entity/Q858576$921655
=650  \0$aTemperament$1http://www.wikidata.org/entity/Q55073971$921656
=650  \0$aKeyboard instrument$1http://www.wikidata.org/entity/Q52954$92849
=650  \0$aString instrument$1http://www.wikidata.org/entity/Q1798603$92912
=650  \0$aMathematics$1http://www.wikidata.org/entity/Q395$922612
=650  \0$aOrganology$1http://www.wikidata.org/entity/Q899293$921400
=856  \\$uhttps://www.researchgate.net/publication/370161543_PATRIZIO_BARBIERI_TUNING_AND_TEMPERAMENT_PRACTICE_VS_SCIENCE_1450-2020
=942  \\$cBOO
=952  \\$00$10$2ddc$40$6MTP_1_000000000000000_BARB$70$8MTP$923244$aORPH$bORPH$cKM12_1$d2024-03-04$g50.00$l1$oMTP1 BARB$p20146445$q2024-09-21$r2024-03-27 00:00:00$s2024-03-27$w2024-03-25$yBOO
=999  \\$d21845

