=LDR  02735cam a2200277 i 4500
=001  21846
=005  20250925143310.0
=008  191026s2018\\\\gw\a\\\\\b\\\\001\0bger\d
=020  \\$a9783955930882
=041  \\$ager
=100  \\$aJahn, Hans-Peter$4aut$916130
=245  10$aOtto Tomek:$bder Rundfunk und die Neue Musik
=260  \\$aHofheim$bWolke$c2018
=300  \\$a400 pages$billustrations
=504  \\$aIncludes bibliographical references (pages 391-392) and index.
=520  \\$aThe flourishing period of New Music after the Second World War was also the heyday of German radio stations. The music publicist, radio editor, music department head and publishing manager Otto Tomek (1928-2013) was one of the most important personalities of this era. As the first editor for new music, he was responsible for "Musik der Zeit" at WDR, as head of the music department at SWF for the Donaueschingen Music Days and the experimental studio of the Heinrich Strobel Foundation and as head of music at SDR for the Schwetzingen Festival and the Stuttgart Radio Symphony Orchestra.

Hans-Peter Jahn paints a portrait of Otto Tomek as a patron, friend and advisor to countless renowned composers such as Karlheinz Stockhausen, Luigi Nono, Pierre Boulez, Bernd Alois Zimmermann, Mauricio Kagel, György Ligeti and Wolfgang Rihm on the basis of many previously unpublished documents and correspondence. Using the example of Otto Tomek's work at WDR, SWF and SDR, the book provides deep insights into the specific characteristics and internal structures of the three broadcasting organisations, into the power and powerlessness of a broadcaster like Otto Tomek.

New perspectives on recent music history from the post-war period to the nineties of the last century emerge and it becomes clear what an exclusive and formative role the broadcasting organisations played with their paradisiacal powers of attraction and repulsion, with their promotional activities, but also with their specific evaluation and elimination criteria.
(Translated with DeepL.com)
=600  10$aTomek, Otto$927200
=648  \0$a20th Century (1901-2000)$1http://www.wikidata.org/entity/Q6927$920936
=648  \0$a21st Century (2001-2100)$1http://www.wikidata.org/entity/Q6939$920812
=650  \0$aMusic history$1http://www.wikidata.org/entity/Q846047$921373
=650  \0$aMusic criticism$1http://www.wikidata.org/entity/Q11748889$921598
=650  \0$aBiography$1http://www.wikidata.org/entity/Q36279$91927
=651  \0$aGermany$1http://www.wikidata.org/entity/Q183$9155
=942  \\$cBOO
=952  \\$00$10$2ddc$40$6BIO_TOME_D$70$8BIO$923245$aORPH$bORPH$cKTS1_P$d2024-03-14$l1$oBIO TOME d$p20146446$q2024-09-21$r2024-03-27 00:00:00$s2024-03-27$w2024-03-25$yBOO
=999  \\$d21846

