=LDR  02255nam a22002297a 4500
=001  21847
=005  20251003085500.0
=008  240325s1962\\\\|||ao|||\c|||\00|\0\ger\d
=041  \\$ager
=100  1\$aMotte, Manfred de la$4win$927201
=245  \\$aHaus am Waldsee:$bSkripturale malerei. 25 september-20 november 1962
=260  \\$aBerlin-Zehlendorf$bHaus am Waldsee$c1962
=300  \\$a[112] pages$billustrations
=500  \\$aExhibition catalogue published in conjunction with show held September 25 - November 20, 1962. Text by Manfred de la Motte, Morita Shiryu, Imtraud Schaarschmidt-Richter, Mauricio Kagel, Ferdinand Kriwet, Pierre Restany, Jean-Pierre Wilhelm, Henryk Berlewi, and Jiri Siblik. Artists include Manfred de la Motte, Morita Shiryu, Irmtraud Schaarschmidt-Richter, Mauricio Kagel, Ferdinand Kriwet, Pierre Restany, Jean-Pierre Wilhelm, Henryk Berlewi, Jiri Siblik, John Cage, Kurt Schwitters, Kaku Osawa, Sokyu Oeda, Taiho Yamazaki, Toko Shinoda, Goho Hibino, Suiho Kuwabara, Sofu Takeshi, Tomin Hagiwara, Nankoku Hidai, Suijo Ikeda, Mari Imai, Yuichi Inoue, Shinzan Kamijo, Ryuho Kobayahi, Joryu Matsui, Shiryu Morita, Yusui Nakajima, Yashushi Nishikawa, Gaboku Ogawa, Sofu Okabe, Yoshimichi Sekiya, Shoji Shinoda, Yukei Tejima, Taiku Tokuno, Futoshi Tsuji, Sokyu Ueda, Sesson Uno, Kaname Waida, Alcopley, Gerhard Altenbourg, Hans Peter Alvermann, Giuseppe Capogrossi, Rolf Gunter Dienst, Piero Dorazio, Nanoku Hidai, Henri Michaux, Pierre Restany, Jean Arp, Piet Mondrian, Samuel Beckett, and many more. Illustrated in black-and-white with a color fold-out. With a loosely-laid in catalogue to the accompanying music program and an exhibition checklist.
=590  \\$aBerliner Festwochen. Deutsch Japanische Gesellschaft.
=650  \0$aExhibition$1http://www.wikidata.org/entity/Q464980$925353
=650  \0$aCatalogue$1http://www.wikidata.org/entity/Q2352616$921484
=650  \0$aFine art$1http://www.wikidata.org/entity/Q219625$921579
=651  \0$aBerlin (Germany)$1http://www.wikidata.org/entity/Q64$948
=942  \\$cBOO
=952  \\$00$10$2ddc$40$6KTS_1_000000000000000_H_07_010$70$8RAR$923246$aORPH$bORPH$cKTS1_H$d2024-03-07$g54.00$l1$oKTS1 H.07.010$p20146447$q2024-09-21$r2024-03-27 00:00:00$s2024-03-27$w2024-03-25$yBOO
=999  \\$d21847

