=LDR  01048nam a22002057a 4500
=001  21848
=005  20250925143310.0
=008  240325s1970\\\\|||ao|||\||||\00|\0\ger\d
=041  \\$ager
=245  \\$aNeumarkt der Künste Köln:$b12.-18. Okt. '70
=260  \\$aCologne$c1970
=500  \\$aAvant-garde catalogue of galleries and the independent art scene in Cologne with gallery advertising, inserted art and various types of paper with announced happenings.
=648  \0$a20th Century (1901-2000)$1http://www.wikidata.org/entity/Q6927$920936
=650  \0$aAvant-garde$1http://www.wikidata.org/entity/Q102932$921178
=650  \0$aFine art$1http://www.wikidata.org/entity/Q219625$921579
=650  \0$aExhibition$1http://www.wikidata.org/entity/Q464980$925353
=651  \0$aCologne (Germany)$1http://www.wikidata.org/entity/Q365$921601
=942  \\$cBOO
=952  \\$00$10$2ddc$40$6KTS_1_000000000000000_H_07_003$70$8RAR$923247$aORPH$bORPH$cKTS1_H$d2024-03-25$l1$oKTS1 H.07.003$p20146449$q2024-09-21$r2024-03-27 00:00:00$s2024-03-27$w2024-03-25$yBOO
=999  \\$d21848

