=LDR  02910njm a22001937a 4500
=001  21849
=008  240325b\\\\\\\\||||||||\||||\00|\0\ger\d
=041  \\$ager
=100  1\$aZimmermann, Bernd Alois$d1918-1970$1http://www.wikidata.org/entity/Q312582$4cmp$927202
=245  \\$aBernd Alois Zimmerman Recomposed
=260  \\$aMainz$bWergo$c2022
=300  \\$a3 CDs,  199′ 3"$ebooklet
=520  \\$aBernd Alois Zimmermann (1918–1970) was one of the most distinctive composers in the musical avant-garde after the Second World War. While Karlheinz Stockhausen served as a kind of ‘generator’ in Cologne during the 1950s and 60s, inventing completely new sounds and techniques, Zimmermann was in many ways his opposite, a ‘transformer’ who redefined previously existing material by placing it in new contexts and collage-like structures, anticipating the ideas of the Postmodernists.

Zimmermann created these new contexts on many levels. Especially in his younger years, he arranged and orchestrated songs and piano pieces using brash and daring instrumental colors. These arrangements then found their way into his works that are now recognized as modern masterpieces: “Alagoana”, “Konzert”, “Sinfonie in einem Satz”, “Stille und Umkehr”, etc. His self-composed works employing numerous quotations as well as his arrangements ‘recomposing’ previously existing music are juxtaposed in the excellent recordings presented by WERGO in this collection. It contains more than three hours of music as well as an extensive booklet with a wealth of information and an interview with Heinz Holliger, the guiding spirit behind this production. Holliger conducted all of the recordings and has worked for years to ensure that Zimmermann’s long-forgotten arrangements were rescued, published, performed, and recorded. The performances and recordings took place as part of the celebrations organized by the WDR in Cologne in honor of Zimmermann’s 100th birthday.

This new release from WERGO presents a fresh perspective on the composer Bernd Alois Zimmermann, whose tragic suicide shortly after the completion of “Stille und Umkehr” shocked the musical world. His fascinating instrumental effects and his embrace of popular and traditional music make his works feel much more at home in our contemporary world than they did in the cultural atmosphere of his time, with its faith with technology and progress.
=590  \\$aOriginal Compositions and Arrangements for Orchestra
=700  \\$aHolliger, Heinz$d1939-$1http://www.wikidata.org/entity/Q123359$4cnd$919534
=710  \\$aWestdeutscher Rundfunk (Cologne, Germany)$1http://www.wikidata.org/entity/Q203453$922694
=942  \\$cREC
=952  \\$00$10$2ddc$40$6REC_CD_HOLL_2022_000000000000000$70$8REC$923248$aORPH$bORPH$cKM12_2_B$d2024-03-25$l1$oREC CD HOLL 2022$p20146448$q2024-09-21$r2024-03-27 00:00:00$s2024-03-27$w2024-03-25$yREC
=999  \\$d21849

