=LDR  01676cam a2200265 a 4500
=001  21853
=005  20250925143310.0
=008  090821s2010\\\\enka\\\\\b\\\\001\0\eng\\
=020  \\$a9780199730773
=041  \\$aeng
=100  1\$aLevine Packer, Renée$d1940-$4aut$917493
=245  10$aThis Life of Sounds:$bEvenings for New Music in Buffalo
=260  \\$aOxford$aNew York$bOxford University Press$c2010
=300  \\$aix-244 pages
=504  \\$aIncludes bibliographical references (p. [227]--231) and index.
=505  0\$aThe Rockefeller years, 1964 to Spring 1968 -- Make it new, Fall 1968 to 1972 -- Feldman in Buffalo, Fall 1972 -- The final years, 1977 to 1980.
=520  \\$aThis book is an invaluable chronicle of an exuberant time of artistic exploration and experimentation populated by now legendary figures such as John Cage, Morton Feldman, Cornelius Cardew, Terry Riley, Julius Eastman, David Tudor, and many others who were part of this under-known chapter of late 20th century music history. Levine Packer brings it to life once again.
=610  20$aState University of New York at Buffalo$1http://www.wikidata.org/entity/Q681025$927205
=648  \0$a20th Century (1901-2000)$1http://www.wikidata.org/entity/Q6927$920936
=650  \0$aMusic history$1http://www.wikidata.org/entity/Q846047$921373
=650  \0$aAvant-garde$1http://www.wikidata.org/entity/Q102932$921178
=651  \0$aBuffalo (NY, USA)$1http://www.wikidata.org/entity/Q60$927206
=942  \\$cBOO
=952  \\$00$10$2ddc$40$6TOP_US_BUF_7_000000000000000$70$8TOP$923252$aORPH$bORPH$cKTS0$d2012-11-09$l1$oTOP US.BUF 7$p20146453$q2025-04-06$r2024-10-09 15:42:17$s2024-10-09$w2024-03-27$yBOO
=999  \\$d21853

