=LDR  01227nam a22002417a 4500
=001  21858
=008  240408s1892\\\\||||||||\||||\00|\0\fre\d
=041  \\$afre
=245  \\$aTournée de propagande en Belgique et en Hollande :$bpar deux membres du comité
=260  \\$aParis$bAugé$c1892
=300  \\$a[16] pages
=490  \\$aLe Galiniste : bulletin de l'Association galiniste pour la propagation de la méthode modale de musique$vMai, 5e année, 1892, N°5
=500  \\$aMonthly bulletin running from July/August 1888 until December 1892
=500  \\$aPagination from 65-80
=648  \0$a19th Century (1801-1900)$1http://www.wikidata.org/entity/Q6955$920935
=650  \0$aPeriodical$1http://www.wikidata.org/entity/Q1002697$921106
=650  \0$aMusic theory$1http://www.wikidata.org/entity/Q193544$92662
=650  \0$aMusic education$1http://www.wikidata.org/entity/Q27908$921766
=651  \0$aFlanders (Belgium)$1http://www.wikidata.org/entity/Q234$989
=651  \0$aBrussels (Belgium)$1http://www.wikidata.org/entity/Q239$937
=942  \\$cART
=952  \\$00$10$2ddc$40$6KTS_1_000000000000000_H_02_049$70$8RAR$923260$aORPH$bORPH$cKTS1_H$d2024-04-08$l0$oKTS1 H.02.049$p20146501$r2024-04-08 00:00:00$w2024-04-08$yART
=999  \\$d21858

