=LDR  01532nam a22002777a 4500
=001  21859
=008  240413s2016\\\\|||a||||\||||\00|\0\ita\d
=041  \\$aita
=100  \\$aPorticelli, Franca$4edt$927233
=245  \\$aA passo di danza:$bLa cultura coreica nel Fondo Gianni Secondo e in altre raccolte della Biblioteca Nazionale Universitaria di Torino
=260  \\$aLucca$bLibreria Musicale Italiana$c2016
=300  \\$a122 pages$billustrations (mostly color)
=600  \0$aSecondo, Gianni$d1925-2011$927235
=610  \0$aBiblioteca Nazionale Universitaria (Turin, Italy)$1http://www.wikidata.org/entity/Q2201144$927234
=648  \0$a16th Century (1501-1600)$1http://www.wikidata.org/entity/Q7017$920944
=648  \0$a17th Century (1601-1700)$1http://www.wikidata.org/entity/Q7016$920923
=648  \0$a18th Century (1701-1800)$1http://www.wikidata.org/entity/Q7015$920899
=648  \0$a19th Century (1801-1900)$1http://www.wikidata.org/entity/Q6955$920935
=650  \0$aDance$1http://www.wikidata.org/entity/Q11639$1http://www.wikidata.org/entity/Q316930$924845
=650  \0$aBallet$1http://www.wikidata.org/entity/Q41425$94412
=650  \0$aCollecting$1http://www.wikidata.org/entity/Q208165$92117
=650  \0$aLibrary$1http://www.wikidata.org/entity/Q7075$94229
=651  \0$aTurin (Italy)$1http://www.wikidata.org/entity/Q495$921413
=942  \\$cBOO
=952  \\$00$10$2ddc$40$6GEN_17_000000000000000$70$8GEN$923262$aORPH$bORPH$cKM12_1$d2024-04-12$g10.00$l0$oGEN17$p20132253$r2024-04-13 00:00:00$w2024-04-13$yBOO
=999  \\$d21859

