=LDR  01650nam a22003017a 4500
=001  21860
=005  20250925143310.0
=008  240413s2006\\\\|||ah|||\||||\00|\0dmul\d
=041  \\$aita$afre
=245  \\$aTorino musicale scrinium di Vivaldi:$bIl teatro vivaldiano nelle raccolte manoscritte della Biblioteca Nazionale Universitaria di Torino 
=260  \\$aTurin$bMinistero per i Beni e le Attività Culturali, Biblioteca Nazionale Universitaria$c2006
=300  \\$a151 pages$billustrations (mostly color)
=600  \0$aVivaldi, Antonio$d1678-1741$1http://www.wikidata.org/entity/Q1340$911980
=610  \0$aBiblioteca Nazionale Universitaria (Turin, Italy)$1http://www.wikidata.org/entity/Q2201144$927234
=648  \0$a18th Century (1701-1800)$1http://www.wikidata.org/entity/Q7015$920899
=648  \0$a20th Century (1901-2000)$1http://www.wikidata.org/entity/Q6927$920936
=650  \0$aManuscript$1http://www.wikidata.org/entity/Q87167$92275
=650  \0$aOpera seria$1http://www.wikidata.org/entity/Q210675$925224
=650  \0$aCollecting$1http://www.wikidata.org/entity/Q208165$92117
=650  \0$aLibrary$1http://www.wikidata.org/entity/Q7075$94229
=650  \0$aComposer$1http://www.wikidata.org/entity/Q36834$93625
=650  \0$aLegacy$1http://www.wikidata.org/entity/Q623282$922131
=651  \0$aTurin (Italy)$1http://www.wikidata.org/entity/Q495$921413
=700  \\$aSebastiani, Maria Letizia$4edt$927236
=700  \\$aPorticelli, Franca$4edt$927233
=942  \\$cBOO
=952  \\$00$10$2ddc$40$6BIO_VIVA_E$70$8BIO$923263$aORPH$bORPH$cKTS1_P$d2024-04-12$g10.00$l0$oBIO VIVA e$p20132255$r2024-04-13 00:00:00$w2024-04-13$yBOO
=999  \\$d21860

