=LDR  01336nam a22002657a 4500
=001  21861
=008  240413s2017\\\\|||h||||\c|||\00|\0\ita\d
=041  \\$aita
=245  \\$aL'approdo inaspettato:$bI manoscritti torinesi di Antonio Vivaldi
=260  \\$aTurin$bBiblioteca Nazionale Universitaria$c2017
=300  \\$a126 pages$billustrations, tables (color)
=590  \\$aCatalogo della mostra (Torino, 6 aprile-15 luglio 2017)
=600  \0$aVivaldi, Antonio$d1678-1741$1http://www.wikidata.org/entity/Q1340$911980
=610  \0$aBiblioteca Nazionale Universitaria (Turin, Italy)$1http://www.wikidata.org/entity/Q2201144$927234
=648  \0$a18th Century (1701-1800)$1http://www.wikidata.org/entity/Q7015$920899
=650  \0$aOpera seria$1http://www.wikidata.org/entity/Q210675$925224
=650  \0$aManuscript$1http://www.wikidata.org/entity/Q87167$92275
=650  \0$aCollecting$1http://www.wikidata.org/entity/Q208165$92117
=650  \0$aLibrary$1http://www.wikidata.org/entity/Q7075$94229
=651  \0$aTurin (Italy)$1http://www.wikidata.org/entity/Q495$921413
=700  \\$aColturato, Annarita$4edt$927237
=700  \\$aPorticelli, Franca$4edt$927233
=942  \\$cBOO
=952  \\$00$10$2ddc$40$6BIO_VIVA_E$70$8BIB$923264$aORPH$bORPH$cKTS0$d2024-04-12$g10.00$l0$oBIO VIVA e$p20132254$r2024-04-13 00:00:00$w2024-04-13$yBOO
=999  \\$d21861

