=LDR  04399cam a2200685   4500
=001  21863
=005  20251103124736.0
=008  740429s1951\\\\it\ach\\\\\\\\000\0\ita\\
=040  \\$aOI
=041  \\$aita
=100  \\$aDella Corte, Andrea$d1883-1968$1http://www.wikidata.org/entity/Q3615673$4aut$97557
=245  12$aL'interpretazione musicale e gli interpreti
=260  \\$aTurin$bUnione tipografico-editrice torinese$c1951
=300  \\$axvi-574 pages$billustrations, portraits, facsimiles$c27 cm
=590  \\$aCcon 12 tavole e 263 illustrazioni nel testo
=600  \0$aSpontini, Gaspare$d1774-1851$1http://www.wikidata.org/entity/Q168485$98216
=600  \0$aSpohr, Louis$d1784-1859$1http://www.wikidata.org/entity/Q57226$96129
=600  \0$aWeber, Carl Maria von$d1786-1826$1http://www.wikidata.org/entity/Q154812$915418
=600  \0$aBerlioz, Hector$d1803-1869$1http://www.wikidata.org/entity/Q1151$99542
=600  \0$aMendelssohn-Bartholdy, Felix$d1809-1847$1http://www.wikidata.org/entity/Q46096$94998
=600  \0$aHabeneck, François-Antoine$d1781-1849$1http://www.wikidata.org/entity/Q957041$927239
=600  \0$aGassner, Ferdinand Simon$d1798-1851$1http://www.wikidata.org/entity/Q1405801$920862
=600  \0$aDeldevez, Édouard$d1817-1897$1http://www.wikidata.org/entity/Q936364$917240
=600  \0$aSeidl, Anton$d1850-1898$1http://www.wikidata.org/entity/Q594113$927240
=600  \0$aCosta, Michele$d1808-1884$1http://www.wikidata.org/entity/Q1931081$927241
=600  \0$aNicolai, Otto$d1810-1849$1http://www.wikidata.org/entity/Q154602$97253
=600  \0$aLiszt, Franz$d1811-1886$1http://www.wikidata.org/entity/Q41309$917400
=600  \0$aRichter, Hans$d1843-1916$1http://www.wikidata.org/entity/Q366147$927244
=600  \0$aMottl, Felix$d1856-1911$1http://www.wikidata.org/entity/Q694070$927245
=600  \0$aLevi, Hermann$d1839-1900$1http://www.wikidata.org/entity/Q61175$927246
=600  \0$aBülow, Hans von$d1830-1894$1http://www.wikidata.org/entity/Q155540$98780
=600  \0$aNikisch, Arthur$d1855-1922$1http://www.wikidata.org/entity/Q57210$927247
=600  \0$aWeingartner, Felix$d1863-1942$1http://www.wikidata.org/entity/Q316920$927248
=600  \0$aToscanini, Arturo$d1867-1957$1http://www.wikidata.org/entity/Q13003$922712
=600  \0$aFürtwängler, Wilhelm$d1886-1954$1http://www.wikidata.org/entity/Q57285$911000
=600  \0$aWalter, Bruno$d1876-1962$1http://www.wikidata.org/entity/Q156910$925252
=600  \0$aMozart, Wolfgang Amadeus$d1756-1791$1http://www.wikidata.org/entity/Q254$95341
=600  \0$aClementi, Muzio$d1752-1832$1http://www.wikidata.org/entity/Q193673$95350
=600  \0$aBeethoven, Ludwig van$d1770-1827$1http://www.wikidata.org/entity/Q255$95335
=600  \0$aChopin, Frédéric$d1810-1849$1http://www.wikidata.org/entity/Q1268$916495
=600  \0$aField, John$d1782-1837$1http://www.wikidata.org/entity/Q209684$922247
=600  \0$aMoscheles, Ignaz$d1794-1870$1http://www.wikidata.org/entity/Q159551$97212
=600  \0$aThalberg, Sigismund$d1812-1871$1http://www.wikidata.org/entity/Q347871$927118
=600  \0$aTausig, Carl$d1841-1871$1http://www.wikidata.org/entity/Q636941$927250
=600  \0$aRubinstein, Anton$d1829-1894$1http://www.wikidata.org/entity/Q87567$927251
=600  \0$aBrahms, Johannes$d1833-1897$1http://www.wikidata.org/entity/Q7294$918198
=600  \0$aPaderewski, Ignacy Jan$d1860-1941$1http://www.wikidata.org/entity/Q191957$927252
=600  \0$aBusoni, Ferruccio$d1866-1924$1http://www.wikidata.org/entity/Q219551$917127
=650  \0$aMusical interpretation$1http://www.wikidata.org/entity/Q1668139$94533
=650  \0$aPerformance$1http://www.wikidata.org/entity/Q6942562$926223
=650  \0$aConducting$1http://www.wikidata.org/entity/Q6989196$92392
=650  \0$aConductor$1http://www.wikidata.org/entity/Q158852$93134
=650  \0$aPianist$1http://www.wikidata.org/entity/Q486748$92959
=650  \0$aViolinist$1http://www.wikidata.org/entity/Q1259917$93278
=650  \0$aSinger$1http://www.wikidata.org/entity/Q177220$93915
=650  \0$aSinging$1http://www.wikidata.org/entity/Q27939$92767
=651  \0$aEurope$1http://www.wikidata.org/entity/Q46$991
=942  \\$cBOO
=952  \\$00$10$2ddc$40$6MTP_2_000000000000000_DELL$70$8MTP$923266$aORPH$bORPH$cKM12_1$d2024-04-11$g5.00$l0$oMTP2 DELL$p20132256$r2024-04-15 00:00:00$w2024-04-15$yBOO
=999  \\$d21863

