=LDR  01194nam a22002537a 4500
=001  21864
=008  240415s2006\\\\|||ogh||\||||\00|\0dmul\d
=041  \\$aita$aeng
=100  \\$aCarrer, Pinuccia$4aut$927253
=245  \\$aL'altra Olimpiade
=260  \\$aMilan$aTurin$bFoà$c2006
=300  \\$a196 pages$billustrations (mostly color)
=600  \0$aVivaldi, Antonio$d1678-1741$1http://www.wikidata.org/entity/Q1340$911980
=600  \0$aMetastasio, Pietro$d1698-1782$1http://www.wikidata.org/entity/Q29473$96031
=610  \0$aBiblioteca Nazionale Universitaria (Turin, Italy)$1http://www.wikidata.org/entity/Q2201144$927234
=650  \0$aOpera seria$1http://www.wikidata.org/entity/Q210675$925224
=650  \0$aComposer$1http://www.wikidata.org/entity/Q36834$93625
=650  \0$aManuscript$1http://www.wikidata.org/entity/Q87167$92275
=650  \0$aLibrary$1http://www.wikidata.org/entity/Q7075$94229
=651  \0$aTurin (Italy)$1http://www.wikidata.org/entity/Q495$921413
=700  \\$aFubini, Enrico$4win$917544
=942  \\$cBOO
=952  \\$00$10$2ddc$40$6BIO_VIVA_E$70$8BIO$923267$aORPH$bORPH$cKTS1_P$d2024-04-12$g20.00$l0$oBIO VIVA e$p20132258$r2024-04-15 00:00:00$w2024-04-15$yBOO
=999  \\$d21864

