=LDR  01949cam a2200385 i 4500
=001  21865
=005  20251003085500.0
=008  210128s2021\\\\it\ae\\\\bc\\\001\0\ita\d
=020  \\$a9788882622985
=040  \\$aOI
=041  0\$aita
=100  \\$aJuvarra, Filippo$d1678-1736$1http://www.wikidata.org/entity/Q85000$4art$921279
=245  00$aFilippo Juvarra regista di corti e capitali dalla Sicilia al Piemonte all'Europa
=260  \\$aTurin$bCentro Studi Piemontesi$aSavigliano$bL'Artistica Savigliano$c2020
=300  \\$axvii-487 pages$billustrations (some color), plans$c29 cm
=504  \\$aIncludes bibliographical references (pages 451-471) and index.
=546  \\$aTexts in Italian; abstracts in Italian and English.
=610  \0$aBiblioteca Nazionale Universitaria (Turin, Italy)$1http://www.wikidata.org/entity/Q2201144$927234
=648  \0$a18th Century (1701-1800)$1http://www.wikidata.org/entity/Q7015$920899
=650  \0$aArchitecture$1http://www.wikidata.org/entity/Q12271$93185
=650  \0$aScenography$1http://www.wikidata.org/entity/Q737201$921278
=650  \0$aCourt$1http://www.wikidata.org/entity/Q1134237$922191
=650  \0$aManuscript$1http://www.wikidata.org/entity/Q87167$92275
=650  \0$aCatalogue$1http://www.wikidata.org/entity/Q2352616$921484
=651  \0$aSicily (Italy)$1http://www.wikidata.org/entity/Q1460$924399
=651  \0$aRome (Italy)$1http://www.wikidata.org/entity/Q220$949
=651  \0$aTurin (Italy)$1http://www.wikidata.org/entity/Q495$921413
=651  \0$aPiedmont (Italy)$1http://www.wikidata.org/entity/Q1216$926090
=700  \\$aPorticelli, Franca$4edt$927233
=700  \\$aDevoti, Chiara$4edt$927254
=700  \\$aRoggero, Costanza$4edt$927255
=700  \\$aMola Di Nomaglio, Gustavo$4edt$927256
=942  \\$cBOO
=952  \\$00$10$2ddc$40$6BIO_JUVA_C$70$8BIO$923268$aORPH$bORPH$cKTS1_P$d2024-04-12$g30.00$l0$oBIO JUVA c$p20132257$r2024-04-15 00:00:00$w2024-04-15$yBOO
=999  \\$d21865

