=LDR  03239nic a22003617a 4500
=001  21871
=008  240415s1956\\\\||||||||\||||\00|\0\eng\d
=024  \\$2Argo$aRG103-107
=041  \\$aeng$deng
=110  \\$aUniversity of Cambridge (United Kingdom)$1http://www.wikidata.org/entity/Q35794$4prf$922224
=245  \\$aThe Cambridge Anthology of English Prose
=260  \\$aLondon$bArgo$c[1956]
=300  \\$a5 vinyl records, mono$c12"
=500  \\$aRecording project by the British Council. Companion to Eileen James, ed., An Anthology of English Prose 1400-1900 (Cambridge University Press, 1956).
=505  \\$gvol. 1: Malory to Donne 1485-1640 -- vol. 2: Burton to Johnson 1621-1781 -- vol. 3: Defoe to Burke 1722-1790 -- vol. 4: Austen to Brontë 1816-1853 -- vol. 5: Dickens to Butler 1836-1903
=520  \\$aThis anthology contains a total of sixty extracts, beginning with Thomas Malory and ending with Samuel Butler, with its aim being to introduce English prose literature to an audience of new readers and display the riches of English prose in its variety of style and rhythm. Arranged in chronological order, the author's selections have been made with the intention that each extract should be a complete idea, episode or description and that as many genres as possible are included. Notably, in the second half of the book James comments on each extract and sets each literary work in the context of its author's life and times.
=648  \0$a15th Century (1401-1500)$1http://www.wikidata.org/entity/Q7018$921015
=648  \0$a16th Century (1501-1600)$1http://www.wikidata.org/entity/Q7017$920944
=648  \0$a17th Century (1601-1700)$1http://www.wikidata.org/entity/Q7016$920923
=648  \0$a18th Century (1701-1800)$1http://www.wikidata.org/entity/Q7015$920899
=648  \0$a19th Century (1801-1900)$1http://www.wikidata.org/entity/Q6955$920935
=650  \0$aLiterature$1http://www.wikidata.org/entity/Q8242$94439
=650  \0$aEnglish$1http://www.wikidata.org/entity/Q1860$92138
=650  \0$aProsody$1http://www.wikidata.org/entity/Q7250675$926155
=651  \0$aUnited Kingdom$1http://www.wikidata.org/entity/Q21$9273
=700  \\$aRylands, George$d1902-1999$1http://www.wikidata.org/entity/Q5208082$4drt$927260
=942  \\$cREC
=952  \\$00$10$2ddc$3vol. 1$40$6REC_12_000000000000000_CAMB_1956$70$8REC$923274$aORPH$bORPH$cKM12_2_B$d2024-04-10$g2.00$l0$oREC 12 CAMB 1956$p20132259$r2024-04-15 00:00:00$w2024-04-15$yREC
=952  \\$00$10$2ddc$3vol. 2$40$6REC_12_000000000000000_CAMB_1956$70$8REC$923275$aORPH$bORPH$cKM12_2_B$d2024-04-10$g2.00$l0$oREC 12 CAMB 1956$p20132260$r2024-04-15 00:00:00$w2024-04-15$yREC
=952  \\$00$10$2ddc$3vol. 3$40$6REC_12_000000000000000_CAMB_1956$70$8REC$923276$aORPH$bORPH$cKM12_2_B$d2024-04-10$g2.00$l0$oREC 12 CAMB 1956$p20132261$r2024-04-15 00:00:00$w2024-04-15$yREC
=952  \\$00$10$2ddc$3vol. 4$40$6REC_12_000000000000000_CAMB_1956$70$8REC$923277$aORPH$bORPH$cKM12_2_B$d2024-04-10$g2.00$l0$oREC 12 CAMB 1956$p20132262$r2024-04-15 00:00:00$w2024-04-15$yREC
=952  \\$00$10$2ddc$3vol. 5$40$6REC_12_000000000000000_CAMB_1956$70$8REC$923278$aORPH$bORPH$cKM12_2_B$d2024-04-10$g2.00$l0$oREC 12 CAMB 1956$p20132263$r2024-04-15 00:00:00$w2024-04-15$yREC
=999  \\$d21871

