=LDR  01787nim a22003137a 4500
=001  21872
=008  240415s1957\\\\||||||||\||||\00|\0\fre\d
=024  \\$2Librairie Hachette$a320 E 806-807
=041  \\$afre
=100  \\$aCorneille, Pierre$d1606-1684$1http://www.wikidata.org/entity/Q747$4aut$95207
=245  \\$aLe Cid
=260  \\$aParis$bLibrairie Hachette$c1957
=300  \\$a2 vinyl records, stereo$bgatefold sleeve$c12"
=490  \\$aEncyclopédie sonore
=500  \\$aRecorded on 22 January 1955 at the Théâtre National du Palais de Chaillot, Paris
=500  \\$aCover designed by Marcel Jacno, whose well-known Chaillot font (1954) was used for the title and the TNP logo.
=590  \\$aMise en scène de Jean Vilar. Motifs musicaux du XVIIe Siècle
=610  \0$aComédie-Française (Paris, France)$1http://www.wikidata.org/entity/Q61460498$920931
=648  \0$a17th Century (1601-1700)$1http://www.wikidata.org/entity/Q7016$920923
=650  \0$aTragedy$1http://www.wikidata.org/entity/Q80930$924998
=650  \0$aIncidental music$1http://www.wikidata.org/entity/Q1147752$92558
=651  \0$aParis (France)$1http://www.wikidata.org/entity/Q90$9160
=700  \\$aVilar, Jean$d1912-1971$1http://www.wikidata.org/entity/Q952945$4act$4drt$927261
=700  \\$aJacno, Marcel$d1904-1989$1http://www.wikidata.org/entity/Q3289057$4dsr$927459
=700  \\$aJarre, Maurice$d1924-2009$1http://www.wikidata.org/entity/Q105487$4arr$927460
=710  \\$aThéâtre National Populaire (Villeurbanne, France)$1http://www.wikidata.org/entity/Q8638$4prf$927262
=942  \\$cREC
=952  \\$00$10$2ddc$40$6REC_12_000000000000000_VILA_1957$70$8REC$923279$aORPH$bORPH$cKM12_2_B$d2024-04-11$g2.00$l1$oREC 12 VILA 1957$p20132264$r2024-08-20 00:00:00$s2024-06-24$w2024-04-15$yREC
=999  \\$d21872

