=LDR  02359nam a22003137a 4500
=001  21878
=005  20250925143310.0
=008  240417b\\\\\\\\|||g||||\||||\00|\0\fre\d
=100  \\$aMoeremans, Léon$d1861-1937$4aut$927267
=245  \\$aPremière partie du cours d'harmonie théorique et pratique$n1-5,7-8/9
=250  \\$a1st Ed.
=260  \\$aGhent$bMaison Moeremans$cs.d.
=300  \\$a7 vols. (139 pages)$bmusic examples, paper bound
=500  \\$aLéon Moeremans was a Belgian composer, music educator, conductor, music shopkeeper (brass instrument maker and piano builder) as well as music publisher. 
=648  \0$a19th Century (1801-1900)$1http://www.wikidata.org/entity/Q6955$920935
=648  \0$a20th Century (1901-2000)$1http://www.wikidata.org/entity/Q6927$920936
=650  \0$aHarmony$1http://www.wikidata.org/entity/Q184421$92358
=650  \0$aMethod$1http://www.wikidata.org/entity/Q2250960$921402
=650  \0$aMusic education$1http://www.wikidata.org/entity/Q27908$921766
=651  \0$aGhent (Belgium)$1http://www.wikidata.org/entity/Q1296$920924
=942  \\$cBOO
=952  \\$00$10$2ddc$3vol.1$40$6KTS_1_000000000000000_H_03_030$70$8RAR$923291$aORPH$bORPH$cKTS1_H$d2024-04-17$l0$oKTS1 H.03.030$p20146540$r2024-04-17 00:00:00$w2024-04-17$yBOO
=952  \\$00$10$2ddc$3vol.2$40$6KTS_1_000000000000000_H_03_031$70$8RAR$923292$aORPH$bORPH$cKTS1_H$d2024-04-17$l0$oKTS1 H.03.031$p20146541$r2024-04-17 00:00:00$w2024-04-17$yBOO
=952  \\$00$10$2ddc$3vol. 3$40$6KTS_1_000000000000000_H_03_032$70$8RAR$923293$aORPH$bORPH$cKTS1_H$d2024-04-17$l0$oKTS1 H.03.032$p20146542$r2024-04-17 00:00:00$w2024-04-17$yBOO
=952  \\$00$10$2ddc$3vol. 4$40$6KTS_1_000000000000000_H_03_033$70$8RAR$923294$aORPH$bORPH$cKTS1_H$d2024-04-17$l0$oKTS1 H.03.033$p20146536$r2024-04-17 00:00:00$w2024-04-17$yBOO
=952  \\$00$10$2ddc$3vol. 5$40$6KTS_1_000000000000000_H_03_034$70$8RAR$923295$aORPH$bORPH$cKTS1_H$d2024-04-17$l0$oKTS1 H.03.034$p20146537$r2024-04-17 00:00:00$w2024-04-17$yBOO
=952  \\$00$10$2ddc$3vol. 7 $40$6KTS_1_000000000000000_H_03_035$70$8RAR$923299$aORPH$bORPH$cKTS1_H$d2024-04-17$l0$oKTS1 H.03.035$p20146538$r2024-04-17 00:00:00$w2024-04-17$yBOO
=952  \\$00$10$2ddc$3vol. 8$40$6KTS_1_000000000000000_H_03_036$70$8RAR$923300$aORPH$bORPH$cKTS1_H$d2024-04-17$l0$oKTS1 H.03.036$p20146555$r2024-04-17 00:00:00$w2024-04-17$yBOO
=999  \\$d21878

