=LDR  01380nam a22002417a 4500
=001  21882
=008  240422s\\\\\\\\|||c||||\||||\00|\0bfre\d
=041  \\$afre
=100  1\$aDelhasse, Félix Joseph$d1809-1890$1http://www.wikidata.org/entity/Q21096543$4aut$927271
=245  \\$aAdolphe Jullien
=260  \\$aBrussels$aParis$bSchott$c1884
=300  \\$a20 pages
=490  \\$aEcrivains français
=500  \\$aJean Lucien Adolphe Jullien (1845-1932) known as Adolphe Jullien was a French journalist, author, and musicologist. Jullien published numerous books and articles on a wide variety of topics, primarily music, and was actively involved in the controversy over the role and influence of Wagner's music in late nineteenth century France.
=590  \\$aavec un portrait d'après une photographie de Pierre Petit
=648  \0$a19th Century (1801-1900)$1http://www.wikidata.org/entity/Q6955$920935
=650  \0$aBiography$1http://www.wikidata.org/entity/Q36279$91927
=650  \0$aWriter$1http://www.wikidata.org/entity/Q36180$93885
=651  \0$aParis (France)$1http://www.wikidata.org/entity/Q90$9160
=856  \\$uhttps://gallica.bnf.fr/view3if/ga/ark:/12148/bpt6k6517891f$3IIIF
=942  \\$cBOO
=952  \\$00$10$2ddc$40$6KTS_1_000000000000000_H_03_027$70$8RAR$923302$aORPH$bORPH$cKTS1_H$d2024-04-22$l0$oKTS1 H.03.027$p20146546$r2024-04-22 00:00:00$w2024-04-22$yBOO
=999  \\$d21882

