=LDR  01568nam a22002537a 4500
=001  21883
=008  240422s1868\\\\|||g||||\||||\00|\0dfre\d
=041  \\$afre$adut
=100  1\$aWytsman, Klemens$d1825-1870$1http://www.wikidata.org/entity/Q117481314$4aut$927272
=245  \\$aAnciens airs et chanson populaires de Termonde
=260  \\$aTermonde$bDucaju$c1868
=300  \\$a8-40 pages$bmusic examples
=501  \\$aBound in with 'Jan van Ockeghem, zijne geboorteplaats en verblijf in Antwerpen' & 'Ommegang ende Cavalcade, noyt voor desen gesien binnen de stadt Dendermonde, ten op-sigte van het negen-hondert-jarig jubilé over het inbrengen der gebeenderen van hunnen aposter en voor-bidders de HH. Hilduardus ende Christina ... den 15. September 1754 ende volgende dagen'
=561  \\$aEx libris A. Nevejans (stamp & manuscript)
=600  \0$aOckeghem, Johannes$dc. 1410-1497$1http://www.wikidata.org/entity/Q143059$916500
=648  \0$a19th Century (1801-1900)$1http://www.wikidata.org/entity/Q6955$920935
=650  \0$aSong$1http://www.wikidata.org/entity/Q7366$94164
=650  \0$aHistory$1http://www.wikidata.org/entity/Q309$921403
=650  \0$aReligion$1http://www.wikidata.org/entity/Q9174$93062
=651  \0$aDendermonde (Belgium)$927273
=856  \\$uhttps://books.google.be/books?id=7kFNAAAAcAAJ&printsec=frontcover&hl=nl#v=onepage&q&f=false$3Google Books
=942  \\$cBOO
=952  \\$00$10$2ddc$40$6KTS_1_000000000000000_H_03_037$70$8RAR$923303$aORPH$bORPH$cKTS1_H$d2024-04-22$l0$oKTS1 H.03.037$p20146556$r2024-04-22 00:00:00$w2024-04-22$yBOO
=999  \\$d21883

