=LDR  03147nam a22003257a 4500
=001  21884
=005  20250925143310.0
=008  240423b\\\\\\\\|||o||||\||||\00|\0\mul\d
=041  \\$adut$afre
=100  \\$aCornelis, A.$4col$95911
=245  \\$aKoninklijke Opera Gent
=300  \\$a[63]+[16] pages$b18 loose pictures & 2 newspaper articles inserted$coblong$eProgram booklet
=500  \\$aMalvina (Vina) Johanna Pauline Felicita Bovy (1900-1983) was a Belgian soprano who was internationally active during the interwar period. In 1947, Vina Bovy was appointed director of the Royal Opera of Ghent. At the same time, she continued to sing in Ghent, still adding new roles to her repertoire. As director, Bovy programmed many Italian works but also included Belgian composers such as Jan Blockx (De Bruid der Zee), Emile Wambach (Quinten Massys) and August De Boeck (La Route d'Emeraude). She quit as director of the Ghent opera at the end of 1955 and continued to perform sporadically afterwards. Her very last performance took place on 23 August 1964 at the Casino-Kursaal in Ostend. 
=500  \\$aPhotoalbum compiled by A. Cornelis, who used to be the neighbour of Vina Bovy, containing portraits and scenes from the productions of the Royal Opera of Ghent during Bovy's time as a director (Lohengrin, Guillaume Tell, Mignon, Madame Butterfly, Louise, Hoffmann's vertellingen, Othello, Création de Maya, Tristan & Isolde, Messaline, Carmen, La Traviata, Thaïs, Shylock, Manon, Paillasse, Cavalleria Rusticana, l'Aiglon, Martha, Werther, Romeo & Juliette, Le Chemineau, Lakmé, Aïda, Rigoletto, La Tosca & Faust). Some pictures are autographed and/or have a dedication. Accompanied by a program booklet (in French and Dutch) of the season 1949-1950. Also containing some loose pictures in the back, mostly portraits from around 1928, dedicated to Charles Cornelis.
=561  \\$aEx libris A. Cornelis (manuscript)
=600  10$aBovy, Vina$d1900-1983$1http://www.wikidata.org/entity/Q2481655$927274
=610  \0$aOpera Ballet Vlaanderen (Ghent and Antwerp, Belgium)$1http://www.wikidata.org/entity/Q2500784$921505
=648  \0$a20th Century (1901-2000)$1http://www.wikidata.org/entity/Q6927$920936
=650  \0$aOpera$1http://www.wikidata.org/entity/Q1344 $92468
=650  \0$aIconography$1http://www.wikidata.org/entity/Q208145$921259
=650  \0$aPhotography$1http://www.wikidata.org/entity/Q11633$91982
=650  \0$aStaging$1http://www.wikidata.org/entity/Q3508687$922118
=650  \0$aSinger$1http://www.wikidata.org/entity/Q177220$93915
=650  \0$aMusic history$1http://www.wikidata.org/entity/Q846047$921373
=651  \0$aGhent (Belgium)$1http://www.wikidata.org/entity/Q1296$920924
=942  \\$cEPH
=952  \\$00$10$2ddc$40$6KTS_1_000000000000000_H_03_042A$70$8RAR$923304$aORPH$bORPH$cKTS1_H$d2024-04-23$l0$oKTS1 H.03.042a$p20146561$r2024-04-23 00:00:00$w2024-04-23$yEPH
=952  \\$00$10$2ddc$3Program booklet$40$6KTS_1_000000000000000_H_03_042B$70$8RAR$923305$aORPH$bORPH$cKTS1_H$d2024-04-23$l0$oKTS1 H.03.042b$p20146562$r2024-04-23 00:00:00$w2024-04-23$yEPH
=999  \\$d21884
=533  \\$aDigitized by iGuana, Spring 2025.

