=LDR  02677cam a22002418i 4500
=001  21885
=008  210907s2022\\\\enka\\\\\b\\\\001\0\eng\\
=020  \\$a9781032062198
=041  \\$aeng
=100  1\$aBraguinski, Nikita$d1976-$4aut$927277
=245  10$aMathematical Music:$bfrom Antiquity to Music AI
=260  \\$aOxon$aNew York$bRoutledge$c2022
=300  \\$aix-136 pages
=504  \\$aIncludes bibliographical references and index.
=505  0\$aComposing with numbers (overview of this book) -- From continuities... Not a revolution (introduction) ; Since Antiquity ; Since the Middle Ages ; Since the Early Modern Period ; Since the 19th century ; Since 1900 ; Since 1950 -- ... to possibilities. Powerful and limited (introduction). How does deep learning work? ; Putting music AI in perspective ; Real-world music AI ; Mass-produced and still individual ; Avant-garde becomes pop's aide -- Conclusion.
=520  \\$a"Mathematical Music offers a concise and easily accessible history of how mathematics was in fact used broadly to create music. The story presented in this short, engaging volume ranges from ratios in antiquity to random combinations in the 17th century, 20th-century statistics, and today's artificial intelligence. This book provides a fascinating panorama of the gradual mechanization of thought processes involved in the creation of music. How did Baroque authors envision a composition system based on combinatorics? What was it like to create musical algorithms at the beginning of the 20th century, before the computer became a reality? And how does this all explain today's use of artificial intelligence and machine learning in music? In addition to discussing the history and the present state of mathematical music, Braguinski also takes an imaginary look at what possibilities the near future of music AI might hold for listeners, musicians, and the society. Grounded in research findings from musicology and the history of technology, and written for the non-specialist general audience, this book helps the reader make sense of the discussions surrounding today's music AI by situating them in a continuous historical context"--$cProvided by publisher.
=650  \0$aMusic history$1http://www.wikidata.org/entity/Q846047$921373
=650  \0$aComputer science$1http://www.wikidata.org/entity/Q21198$92375
=650  \0$aMathematics$1http://www.wikidata.org/entity/Q395$922612
=650  \0$aArtificial intelligence$1http://www.wikidata.org/entity/Q11660$92413
=942  \\$cBOO
=952  \\$00$10$2ddc$40$6AES_BRAG$70$8AES$923306$aORPH$bORPH$cKM12_1$d2024-04-24$l1$oAES BRAG$p20146567$r2024-05-27 00:00:00$s2024-04-24$w2024-04-24$yBOO
=999  \\$d21885

