=LDR  02703cam a22002777i 4500
=001  21886
=008  210315t20212021enka\\\\ob\\\\001\0\eng\d
=020  \\$z9780367767723
=041  \\$aeng
=245  00$aRethinking Music through Science and Technology Studies
=260  \\$aOxon$aNew York$bRoutledge$c2021
=300  \\$axvi-287 pages
=504  \\$aIncludes bibliographical references and index.
=520  \\$aThis volume seeks to offer a new approach to the study of music through the lens of recent works in science and technology studies (STS), which propose that facts are neither absolute truths, nor completely relative, but emerge from an intensely collective process of construction. Applied to the study of music, this approach enables us to reconcile the human, social, factual, and technological aspects of the musical world, and opens the prospect of new areas of inquiry in musicology and sound studies. Rethinking Music through Science and Technology Studies draws together a wide range of both leading and emerging scholars to offer a critical survey of STS applications to music studies, considering topics ranging from classical music instrument-making to the ethos of DIY in punk music. The book's four sections focus on key areas of music study that are impacted by STS: organology, sound studies, music history, and epistemology. Raising crucial methodological and epistemological questions about the study of music, this book will be relevant to scholars studying the interactions between music, culture, and technology from many disciplinary perspectives.
=545  0\$aAntoine Hennion is Professor at Mines ParisTech, and the former Director of the Centre for the Sociology of Innovation. He has written extensively on the sociology of music, media, and cultural industries. Christophe Levaux is a lecturer and postdoctoral researcher at the University of Lig̈e, Belgium.His research focuses onapproaches to 20th-century American music and Actor-Network Theory.
=650  \0$aMusicology$1http://www.wikidata.org/entity/Q164204$93925
=650  \0$aSocial science$1http://www.wikidata.org/entity/Q34749$93803
=650  \0$aTechnology$1http://www.wikidata.org/entity/Q11016$921633
=650  \0$aOrganology$1http://www.wikidata.org/entity/Q899293$921400
=650  \0$aSound$1http://www.wikidata.org/entity/Q11461$926705
=650  \0$aEpisteme$1http://www.wikidata.org/entity/Q1164521$924648
=700  1\$aHennion, Antoine$4edt$927279
=700  1\$aLevaux, Christophe$d1982-$4edt$927280
=942  \\$cBOO
=952  \\$00$10$2ddc$40$6SCI_HENN$70$8SCI$923307$aORPH$bORPH$cKM12_1$d2024-04-25$l1$oSCI HENN$p20146568$q2024-10-24$r2024-04-29 00:00:00$s2024-04-29$w2024-04-25$yBOO
=999  \\$d21886

