=LDR  02560aas a2200229   4500
=001  21887
=005  20251001162314.0
=008  120712i19681999\\\\\\\\\\\\\\\\\\0\ger\d
=041  \\$ager
=245  \\$aStudien zur Wertungsforschung$nvols. 1-36
=260  \\$aGraz$aVienna$bUniversal$c1968-1999
=520  \\$aThe Studien zur Wertungsforschung is dedicated to the philosophical understanding of musical phenomena.

Harald Kaufmann founded the book series in Graz (Austria) in 1968. In formulating the title, Kaufmann drew on the Studies in Musicology founded by Guido Adler in 1913. Kaufmann's friend Theodor W. Adorno contributed to the first two volumes (Symposion für Musikkritik and Essays).

After Kaufmann's early death in 1970, Otto Kolleritsch continued the series, which is published by Universal Edition (Vienna - London - New York, NY), Austria's only international music publisher. Volume 7 of Studien zur Wertungsforschung (1976) was a major impetus for the now worldwide Zemlinsky renaissance.

Since 2004, Andreas Dorschel, Professor of Aesthetics at the Institute for Music Aesthetics at the University of Music and Performing Arts Graz, has given new impetus to the series. Since then, the advisory board of Studies in Valuation Research has included the pianist Alfred Brendel (London), the composer Isabel Mundry (Zurich), the writer Hans-Ulrich Treichel (Leipzig), the sociologist Georgina Born (Cambridge and Oxford), the musicologists Peter Franklin (Oxford) and Birgit Lodes (Vienna) as well as the philosophers Avishai Margalit (Jerusalem) and Lydia Goehr (New York, NY). Roger Scruton was a member until his death. Volume 55 (2013, Jacqueline Fontyn) and Volume 59 (2018, Elizabeth Maconchy) are the first volumes dedicated to the work of female composers. In the case of some volumes, English has been added to German as the language of publication. (https://de.wikipedia.org/wiki/Studien_zur_Wertungsforschung; translated with Deepl.com)
=546  \\$aE / D
=648  \0$a20th Century (1901-2000)$1http://www.wikidata.org/entity/Q6927$920936
=650  \0$aMusic history$1http://www.wikidata.org/entity/Q846047$921373
=650  \0$aMusic philosophy and aesthetics$1http://www.wikidata.org/entity/Q2092865$921165
=700  \\$aKolleritsch, Otto$4edt$917809
=700  \\$aKaufmann, Harald$4edt$917326
=710  2\$aHochschule für Musik und Darstellende Kunst in Graz$927281
=942  \\$cPER
=952  \\$00$10$2ddc$40$6PER_SW$70$8PER$923308$aORPH$bORPH$cKM12_1$d2024-04-25$l0$oPER SW$p20146237$r2024-04-25 00:00:00$w2024-04-25$yPER
=999  \\$d21887

