=LDR  00716aam a2200193   4500
=001  21888
=008  220908s2019\\\\|||gao||\||||\00|\0\ger\d
=020  \\$a9783869168197
=022  \\$a09313311
=041  \\$ager
=100  \\$aTadday, Ulrich$4edt$915970
=245  \\$aMarco Stroppa
=260  \\$aMunich$bedition text+kritik$c2019
=300  \\$a114-[10] pages
=490  \\$aMusik-Konzepte$v186
=500  \\$aMarco Stroppa (1959) is an Italian composer who writes computer music as well as music for instruments with live electronics. 
=942  \\$cBOO
=952  \\$00$10$2ddc$40$6PER_MK1$70$8PER$923309$aORPH$bORPH$cKM12_1$d2024-04-04$l1$oPER MK1$p20146573$q2024-10-24$r2024-04-29 00:00:00$s2024-04-29$w2024-04-29$yBOO
=999  \\$d21888

