=LDR  01259aam a2200193   4500
=001  21889
=008  220908s2020\\\\|||gao||\||||\00|\0\ger\d
=020  \\$a9783869168333
=022  \\$a09313311
=041  \\$ager
=100  \\$aTadday, Ulrich$4edt$915970
=245  \\$aRebecca Saunders
=260  \\$aMunich$bedition text+kritik$c2020
=300  \\$a172-[10] pages
=490  \\$aMusik-Konzepte$v188/189
=500  \\$aRebecca Saunders (1967) is a London-born composer who lives and works freelance in Berlin. Saunders's music is characterized by limited pitch material and a wide breadth of timbral complexity.[11] She is fascinated with resonance and extraneous noise created by instrumentalists, such as the scratch of a bow change, the thud of the pedals of a piano or harp, and the taps and slides of the left hand on a string instrument's fingerboard.[11] Due to the subtleties and specificity of the sounds she creates, Saunders includes lengthy textual explanations in many of her scores to describe each effect that she wishes the performer to produce. (Source: wikipedia)
=942  \\$cBOO
=952  \\$00$10$2ddc$40$6PER_MK1$70$8PER$923310$aORPH$bORPH$cKM12_1$d2024-04-04$l1$oPER MK1$p20146574$q2024-10-24$r2024-04-29 00:00:00$s2024-04-29$w2024-04-29$yBOO
=999  \\$d21889

