=LDR  03173cam a2200373 a 4500
=001  21892
=005  20251001162314.0
=008  930222m19911999\\\a\\\\\b\\\\001\0\ger\\
=020  \\$a3928654039 (vol. 1)
=020  \\$a3928654047 (vol. 2)
=020  \\$a3928654055 (vol. 3)
=020  \\$a3897270560 (vol. 4)
=041  \\$ager
=100  \\$aKoenig, Gottfried Michael$d1926-2021$1http://www.wikidata.org/entity/Q873670$4aut$917819
=245  10$aÄsthetische Praxis:$bTexte zur Musik$cvols. 1-4/6
=260  \\$aSaarbrücken$bPfau$c1991-1999
=300  \\$a4 vols. (xi-324-[7]+vi-409-[6]+vii-388-[6]+xii-336-[3] pages)
=504  \\$aIncludes bibliographical references and indexes.
=505  1\$aBd. 1. 1954-1961 -- Bd. 2. 1962-1967 -- Bd. 3. 1968-1991 -- Bd. 4. Supplement I (-- Bd. 5. Supplement II -- Bd. 6. Supplement III)
=520  \\$a"Gottfried Michael Koenig's aesthetic vanishing point is the complete understanding of all elements of a musical work, from the large-scale form to the individual vibration, resulting in continuous variability and infinite malleability of sound. 
All his writings revolve around it. Regardless of whether they are diary entries, commentaries on works, lectures, interviews, radio features or analyses of other people's works: the leading composer of electronic and programmed music, born in 1926, is always concerned with reassuring, explaining, expanding and conveying the interest, already evident in his earliest essays, in shaping the ungrasped dimensions of music, which are still beyond aesthetic mastery and merely conventionally given, at the level of what can already be anticipated in the compositional imagination." (Bernhard Uske, Positionen 19, May 1994)
"There is no doubt that Koenig's writings are of central importance for our epoch, and their reading will soon be considered indispensable for all those who deal with the music of the recent past" (Till A. Körber, Musik & Ästhetik 6/1998) (Translated with DeepL.com)
=648  \0$a20th Century (1901-2000)$1http://www.wikidata.org/entity/Q6927$920936
=650  \0$aMusic philosophy and aesthetics$1http://www.wikidata.org/entity/Q2092865$921165
=650  \0$aMusic history$1http://www.wikidata.org/entity/Q846047$921373
=650  \0$aMusic history$1http://www.wikidata.org/entity/Q846047$921373
=700  \\$aFrobenius, Wolf$d1940-2011$1http://www.wikidata.org/entity/Q25273277$4edt$918191
=700  \\$aKonrad, Sigrid$4edt$920632
=700  \\$aPfau, Roger$4edt$927285
=700  \\$aFricke, Stefan$4edt$915737
=942  \\$cBOO
=952  \\$00$10$2ddc$3Band 1$40$6TRE_KOEN$70$8TRE$923311$aORPH$bORPH$cKTS1_H$d2024-04-29$l0$oTRE KOEN$p201465575$r2024-04-29 00:00:00$w2024-04-29$yBOO
=952  \\$00$10$2ddc$3Band 2$40$6TRE_KOEN$70$8TRE$923312$aORPH$bORPH$cKTS1_H$d2024-04-29$l0$oTRE KOEN$p20146576$r2024-04-29 00:00:00$w2024-04-29$yBOO
=952  \\$00$10$2ddc$3Band 3$40$6TRE_KOEN$70$8TRE$923313$aORPH$bORPH$cKTS1_H$d2024-04-29$l0$oTRE KOEN$p20146577$r2024-04-29 00:00:00$w2024-04-29$yBOO
=952  \\$00$10$2ddc$3Band 4$40$6TRE_KOEN$70$8TRE$923314$aORPH$bORPH$cKTS1_H$d2024-04-29$l0$oTRE KOEN$p20146578$r2024-04-29 00:00:00$w2024-04-29$yBOO
=999  \\$d21892

