=LDR  02571nam a22002777a 4500
=001  21915
=008  240430s1842\\\\|||g||||\||||\00|\0\fre\d
=059  \\$av pf
=100  \\$aLablache, Luigi$d1794-1858$1http://www.wikidata.org/entity/Q477681$927305
=245  \\$aMéthode complète de Chant$bavec examples démonstratifs, exercices & vocalises gradués. Nr.2 pour basse ou contralto
=246  \1$aMetodo completo di canto
=246  \1$aVollständige Schule des Gesangs
=260  \\$aParis$bGraff$bCanaux$cs.d [ca. 1842]
=300  \\$a[ii]-84 pages$bmusic examples, paper bound$c30x22 cm
=500  \\$aLuigi Lablache was an Italian opera singer of French and Irish ancestry. He was most noted for his comic performances, possessing a powerful and agile bass voice, a wide range, and adroit acting skills: Leporello in Don Giovanni was one of his signature roles.
=500  \\$aLablache's Méthode complète de chant published by him in Paris, had little success during his lifetime. A German-French parallel edition was also published by B. Schott's Söhne in Mainz. Several of his singing schools were republished decades after his death by Franz Haböck, singing professor at the Vienna Academy of Music.
=500  \\$aan edition was published by Ricordi in 2006 based on the revised Italian version of 1842, which points to the continuing relevance and importance of this work for vocal training and musical interpretation. Lablache's Méthode complète de chant thus remains a key textbook for anyone wishing to study classical vocal technique and interpretation, especially the repertoire of the early 19th century. 
=504  \\$ahttps://de.wikipedia.org/wiki/M%C3%A9thode_compl%C3%A8te_de_chant
=590  \\$aAnalyse raisonnée des Principes d'après lesquels on doit diriger les Etudes pour développer la Voix, la rendre légère et pour former le goût. ... L .Lablache, premier basse-taille du Théâtre Royale Italien, premier chanteur de la Chambre et de la Chapelle de S.M. le Roi des Deux-Sicilles
=648  \0$a19th Century (1801-1900)$1http://www.wikidata.org/entity/Q6955$920935
=650  \0$aMethod$1http://www.wikidata.org/entity/Q2250960$921402
=650  \0$aSinging$1http://www.wikidata.org/entity/Q27939$92767
=856  \\$uhttps://imslp.org/wiki/M%C3%A9thode_compl%C3%A8te_de_chant_(Lablache%2C_Luigi)$3International Music Score Library Project
=942  \\$cBOO
=952  \\$00$10$2ddc$40$6KTS_1_000000000000000_H_04_003$70$8RAR$923326$aORPH$bORPH$cKTS1_H$d2024-04-30$l0$oKTS1 H.04.003$p20146596$r2024-04-30 00:00:00$w2024-04-30$yBOO
=999  \\$d21915

