=LDR  04803cam a2200469 a 4500
=001  21919
=005  20250707105307.0
=008  050311s2004\\\\gw\ag\\\\be\\\001\0dger\d
=010  \\$a  2005355076
=016  7\$a972155996$2GyFmDB
=020  \\$a3795211557
=035  \\$a(OCoLC)ocm56686201
=040  \\$aOHX$cOHX$dOSU$dOCLCQ$dDLC
=042  \\$alccopycat
=050  00$aML410.S3$bS299 2004
=082  00$a780/.92$aB$222
=100  \\$aJestremski, Margret$4edt$927310
=245  00$aSchubert-Enzyklopädie.$cMit einem Geleitwort von Alfred Brendel.
=250  \\$aÜberarbeitete und wesentlich erweiterte Ausgabe
=260  \\$aTutzing$bH. Schneider$c2004
=300  \\$a2 vols. (xxx, 953 pages)$billustrations, music examples
=440  \0$aVeröffentlichungen des Internationalen Franz Schubert Instituts ;$vBd. 14
=490  \\$aVeröffentlichungen des Internationalen Franz Schubert Instituts$vBand 14
=500  \\$aRevised edition of: Schubert-Lexikon. c1997.
=500  \\$aIncludes bibliographical references and indexes.
=511  \\$aMargret Jestremski studied musicology, theatre studies and religious studies at the Humboldt University in Berlin, the University of Vienna and the Free University of Berlin; 1994 Magistra Artium at the Free University of Berlin. Freelance music dramaturge at the Kleist Theatre in Frankfurt/O.; exhibition "Encounters with Arnold Schönberg" at the Museum of Cultural and City History in Duisburg; lecturer. 1995-1998 research assistant at the Academy of Sciences and Literature, Mainz (project "European Piano Music around 1900" at the FU Berlin). 2000 Doctorate at the University of Zurich. 2000-2003 Research assistant and editorial coordination (music section) on the interdisciplinary research project "Heinse Nachlass Edition" at the Technical University of Berlin/University of Paderborn. 2002-2005 Head and implementation of the DFG project "Thematisch-chronologisches Verzeichnis der Werke von Hugo Wolf" at the TU Berlin. 2006 to April 2013 research associate at the Richard Wagner Letter Edition (University of Erlangen-Nuremberg, since 2009 University of Würzburg). From May 2013 to December 2020 Head of the Richard Wagner Writings Centre at the University of Würzburg.
Lecturer (University of Detmold/Paderborn, TU Berlin, University of Erlangen-Nuremberg, University of Würzburg).
=511  \\$aErnst Hilmar was an Austrian librarian, editor, and musicologist.rom 1975 to 1994, he was head of the music division of the Vienna City and State Library. Owing to various shady events in connection with holdings that had disappeared from this collection, Hilmar was forced to retire from this position in 1994.
Since 1987, he was also head of the Internationales Franz-Schubert-Institut (IFSI) in Vienna and editor of the scholarly journal Schubert durch die Brille (1988–2003), "tirelessly edited since its inception by Ernst Hilmar, […] quickly became the leading arena for the dissemination of Schubert research, news, and events." (Music & Letters, 2002) Due to several violations of the society's regulations he was removed from his position in 2001 and only continued to work as editor of the IFSI's journal. In 2005 Hilmar's successors had to disband the IFSI, because the publisher of Schubert durch die Brille (Hans Schneider) demanded the debts to be paid back that Hilmar had amassed during his activity as editor.
Hilmar's publications include books on Franz Schubert, Hugo Wolf, Johann Strauss, Second Viennese School and many contributions to symposia and dictionaries. 
=600  \0$aSchubert, Franz$d1797-1828$1http://www.wikidata.org/entity/Q7312$96183
=648  \0$a18th Century (1701-1800)$1http://www.wikidata.org/entity/Q7015$920899
=648  \0$a19th Century (1801-1900)$1http://www.wikidata.org/entity/Q6955$920935
=650  \0$aBiography$1http://www.wikidata.org/entity/Q36279$91927
=650  \0$aEncyclopedia$1http://www.wikidata.org/entity/Q5292$92184
=650  \0$aComposer$1http://www.wikidata.org/entity/Q36834$93625
=650  \0$aMusic history$1http://www.wikidata.org/entity/Q846047$921373
=700  \\$aHilmar, Ernst$d1938-2016$1http://www.wikidata.org/entity/Q86623$4edt$917401
=700  \\$aBrendel, Alfred$d1931-2025$1http://www.wikidata.org/entity/Q84148$4win$915846
=906  \\$a7$bcbc$ccopycat$d2$encip$f20$gy-gencatlg
=942  \\$cBOO
=952  \\$00$10$2ddc$3vol.1$40$6BIO_SCHU1_C$70$8BIO$923329$aORPH$bORPH$cKTS1_P$d2024-05-02$l0$oBIO SCHU1 c$p20146588$r2024-05-02 00:00:00$w2024-05-02$yBOO
=952  \\$00$10$2ddc$3vol. 2$40$6BIO_SCHU1_C$70$8BIO$923330$aORPH$bORPH$cKTS1_P$d2024-05-02$l0$oBIO SCHU1 c$p20146587$r2024-05-02 00:00:00$w2024-05-02$yBOO
=955  \\$aof22 2005-03-11 z-processor v. 1 & 2 to SMCD$avl00 2005-05-04 v. 1 & 2$ivl09 2005-05-10$aaa25 2005-06-10
=999  \\$d21919

