=LDR  01523nam a22002417a 4500
=001  21921
=005  20250925143311.0
=008  240502s1904\\\\||||||||\||||\00|\s\dut\d
=100  \\$aLevy, J.A. $4aut$927312
=245  \\$aTaal en Volkskarakter.$bRede gehouden in de vergadering van het Algemeen Nederlandsch Verbond - Brusselse tak - te Brussel den 23sten April 1904
=260  \\$aThe Hague$aAntwerp$bGebr. Belinfante$bNederl. Boekhandel$c1904
=300  \\$a32 pages
=500  \\$a"Mr. J.A. Levy van Amsterdam heeft den 23sten April op uitnoodiging van het Hoofdbestuur van het A.N.V. voor de leden van den Brusselschen Tak een rede gehouden over Taal en Volkskarakter, welke thans in druk is verschenen bij Gebr. Belinfante te 's-Gravenhage en den Nederl. Boekhandel te Antwerpen" (Neerlandia. Jaargang 8, 1904)
=501  \\$aBound in with 'Prudens van Duyse: zijn leven en zijne werken'
=648  \0$a20th Century (1901-2000)$1http://www.wikidata.org/entity/Q6927$920936
=650  \0$aLiterature$1http://www.wikidata.org/entity/Q8242$94439
=650  \0$aSemantics$1http://www.wikidata.org/entity/Q39645$924860
=650  \0$aDutch$1http://www.wikidata.org/entity/Q7411$926205
=651  \0$aFlanders (Belgium)$1http://www.wikidata.org/entity/Q234$989
=773  \\$018484$tPrudens van Duyse: zijn leven en zijne werken $w18484
=942  \\$cBOO
=952  \\$00$10$2ddc$40$6KTS_1_000000000000000_H_04_008$70$8RAR$923331$aORPH$bORPH$cKTS1_H$d2024-05-02$l0$oKTS1 H.04.008$p20130023b$r2024-05-02 00:00:00$w2024-05-02$yBOO
=999  \\$d21921

