=LDR  01283nam a22002537a 4500
=001  21922
=008  240502s1863\\\\|||ch|||\||||\00|\0bfre\d
=041  \\$afre
=100  \\$aAzevedo, Alexis$d1813-1875$1http://www.wikidata.org/entity/Q47486081$4aut$927313
=245  \\$aF. David. Coup d'oeil sur sa vie et son oeuvre
=260  \\$aParis$bHeugel & Co$c1863
=300  \\$a[x]-99-[1] pages$bcontains lithography, facsimiles and musical examples
=500  \\$aAlexis Azevedo was a French music critic
=501  \\$aBound in with 'F. Halévy: Sa vie et ses oeuvres.'
=600  \0$aDavid, Félicien$d1810-1876$1http://www.wikidata.org/entity/Q951933$915826
=648  \0$a19th Century (1801-1900)$1http://www.wikidata.org/entity/Q6955$920935
=650  \0$aComposer$1http://www.wikidata.org/entity/Q36834$93625
=650  \0$aBiography$1http://www.wikidata.org/entity/Q36279$91927
=650  \0$aMusic history$1http://www.wikidata.org/entity/Q846047$921373
=773  \\$015356$tF. Halévy: Sa vie et ses oeuvres.$w15356
=856  \\$uhttps://books.google.be/books?id=c4AHAQAAMAAJ$3Google Books
=942  \\$cBOO
=952  \\$00$10$2ddc$40$6KTS_1_000000000000000_H_04_007$70$8RAR$923332$aORPH$bORPH$cKTS1_H$d2024-05-02$l0$oKTS1 H.04.007$p20130083b$r2024-05-02 00:00:00$w2024-05-02$yBOO
=999  \\$d21922

