=LDR  01230nam a22002297a 4500
=001  21923
=008  240502s1891\\\\|||g||||\||||\00|\0\eng\d
=100  \\$aProut, Ebenezer$d1835-1909$1http://www.wikidata.org/entity/Q5331730$4aut$927314
=245  \\$aFugue
=250  \\$a7th ed.
=260  \\$aLondon$bAugener$cs.d.
=300  \\$axi-158 pages$bbound in linen, music examples
=500  \\$aEbenezer Prout was an English musical theorist, writer, music teacher and composer, whose instruction, afterwards embodied in a series of standard works still used today, underpinned the work of many British classical musicians of succeeding generations. 
=500  \\$aFirst published in 1981
=648  \0$a19th Century (1801-1900)$1http://www.wikidata.org/entity/Q6955$920935
=650  \0$aFugue$1http://www.wikidata.org/entity/Q181014$93142
=650  \0$aComposing$1http://www.wikidata.org/entity/Q92186587$93076
=650  \0$aMusic theory$1http://www.wikidata.org/entity/Q193544$92662
=856  \\$uhttps://en.wikisource.org/wiki/Fugue_(Prout)
=942  \\$cBOO
=952  \\$00$10$2ddc$40$6KTS_1_000000000000000_H_04_006$70$8RAR$923333$aORPH$bORPH$cKTS1_H$d2024-05-02$l0$oKTS1 H.04.006$p20146597$r2024-05-02 00:00:00$w2024-05-02$yBOO
=999  \\$d21923

