=LDR  01903nam a22002657a 4500
=001  21924
=005  20250925143311.0
=008  240502s1935\\\\|||gao||\||||\00|\mbmul\d
=041  \\$afre$aita
=100  \\$aD'Annunzio, Gabriele$d1863-1938$1http://www.wikidata.org/entity/Q193236$4aut$923791
=245  \\$aBellini
=300  \\$aviii-80 pages$bmusic examples, etchings, photos, portraits
=490  \\$aLa Revue Musicale$v156 (mai 1935)
=520  \\$aGeneral Gabriele D'Annunzio, Prince of Montenevoso, Duke of Gallese, was an Italian writer, poet, playwrite,  journalist, patriot, a symbol of decadentism and soldier during World War I. He occupied a prominent place in Italian literature from 1889 to 1910 and later political life from 1914 to 1924. 
=590  \\$aPour le premier centenaire de Vincenzo Belini, poème de Gabriele D'Annunzio avec traduction française inédite d'André Doderet. Articles et Notes par: Roger Allard, Ildebrando Pizzetti, Guido Pannain, Domenico de Paoli, Henri de Saussine, Frederick Goldbeck, José Bruyr, Arthur Hoeree, Luigi Colacicchi et Henry Prunières. Portraits - Documents. Une variation sur un thème de Bellini par Chopin et Liszt
=600  \0$aBellini, Vincenzo$d1801-1835$1http://www.wikidata.org/entity/Q170209$96318
=648  \0$a19th Century (1801-1900)$1http://www.wikidata.org/entity/Q6955$920935
=648  \0$a20th Century (1901-2000)$1http://www.wikidata.org/entity/Q6927$920936
=650  \0$aMusic history$1http://www.wikidata.org/entity/Q846047$921373
=650  \0$aBiography$1http://www.wikidata.org/entity/Q36279$91927
=650  \0$aComposer$1http://www.wikidata.org/entity/Q36834$93625
=651  \0$aItaly$1http://www.wikidata.org/entity/Q38$922
=942  \\$cBOO
=952  \\$00$10$2ddc$40$6KTS_1_000000000000000_H_04_005$70$8RAR$923334$aORPH$bORPH$cKTS1_H$d2024-05-02$l0$oKTS1 H.04.005$p20146599$r2024-05-02 00:00:00$w2024-05-02$yBOO
=999  \\$d21924

