=LDR  01273cam a22002775i 4500
=001  21930
=005  20251003085500.0
=008  221208t20202020sz\ach\\\b\\\\001\0\fre\d
=020  \\$a9782600060196
=040  \\$aOI
=041  \\$afre
=100  \\$aMarrache-Gouraud, Myriam$d1970-$4aut$927321
=245  13$aLa légende des objets :$ble cabinet de curiosités réfléchi par son catalogue (Europe, XVIe-XVIIe siècles)
=260  \\$aGeneva$bDroz$c2020
=300  \\$a628 pages$billustrations, facsimiles, portraits$c23 cm
=490  1\$aLes seuils de la modernité$x1661-1950$v23
=504  \\$aIncludes bibliographical references and indexes.
=648  \0$a16th Century (1501-1600)$1http://www.wikidata.org/entity/Q7017$920944
=648  \0$a17th Century (1601-1700)$1http://www.wikidata.org/entity/Q7016$920923
=650  \0$aCollecting$1http://www.wikidata.org/entity/Q208165$92117
=650  \0$aMuseum$1http://www.wikidata.org/entity/Q33506$93137
=650  \0$aCatalogue$1http://www.wikidata.org/entity/Q2352616$921484
=651  \0$aEurope$1http://www.wikidata.org/entity/Q46$991
=942  \\$cBOO
=952  \\$00$10$2ddc$40$6HUM_MARR$70$8HUM$923336$aORPH$bORPH$cKM12_1$d2024-01-26$g42.65$l1$m1$oHUM MARR$p20132286$r2024-06-10 00:00:00$s2024-06-03$w2024-05-03$yBOO
=999  \\$d21930

