=LDR  01390nam a2200289zcb4500
=001  21934
=005  20250205110320.0
=007  t
=008  020730s1991\\\\\\\a|||\\||||\00|||\ger\d
=020  \\$a3852021006
=041  0\$ager
=245  10$aZaubertöne.$bMozart in Wien 1781-1791
=260  \\$aVienna$bMuseen der Stadt Wien$c1991
=300  \\$a614 pages$billustrations$eaddendum
=490  1\$aSonderausstellung des Historischen Museums der Stadt Wien$v139
=590  \\$aAusstellung des Historischen Museums der Stadt Wien im Künstlerhaus, 6. Dezember 1990 - 15. September 1991
=600  \0$aMozart, Wolfgang Amadeus$d1756-1791$1http://www.wikidata.org/entity/Q254$95341
=648  \0$a18th Century (1701-1800)$1http://www.wikidata.org/entity/Q7015$920899
=650  \0$aComposer$1http://www.wikidata.org/entity/Q36834$93625
=650  \0$aCultural history$1http://www.wikidata.org/entity/Q858517$922395
=651  \0$aVienna (Austria)$1http://www.wikidata.org/entity/Q1741$920937
=700  \\$aAlbrecht-Weinberger, Karl$d1953-$4edt$927347
=700  \\$aKrasa-Florian, Selma$d1927-2014$4edt$927348
=710  \\$aWien Museum (Vienna, Austria)$1http://www.wikidata.org/entity/Q505873$4cur$927349
=942  \\$cBOO
=952  \\$00$10$2ddc$40$6BIO_MOZA1_E$70$8BIO$923337$aORPH$bORPH$cKTS1_P$d2024-04-29$g12.50$l1$oBIO MOZA1 e$p20132287$r2025-05-14 11:13:51$s2025-05-12$w2024-05-09$yBOO
=999  \\$d21934

