=LDR  01535acm a2200349 a 4500
=001  21935
=003  OI
=005  20250120120916.0
=008  980803s1996\\\\be\opa\||bei\||n|\||dut|d
=020  \\$a9068531190
=020  \\$a9789068531190
=040  \\$aOI
=041  0\$adut
=100  \\$aHacquart, Carolus$dc. 1640-1701?$1http://www.wikidata.org/entity/Q350004$4cmp$95800
=245  13$aDe Triomfeerende Min.$bVredespel. Gemengt met Zang- en Snaarenspel, Vliegwerken, en Baletten. 1680
=260  \\$aPeer$bAlamire$c1996
=300  \\$aliii-79 pages$c32 cm.
=490  0\$aMonumenta Flandriæ musica$v1
=500  \\$aPrefatory material in Dutch with English translation.
=504  \\$aIncludes bibliographical references (pages l-liii).
=541  \\$3LWBIB.L30.$cSchenking$aVan der Haven, Kornee$d19/01/2023
=546  \\$aDutch words.
=648  \0$a17th Century (1601-1700)$1http://www.wikidata.org/entity/Q7016$920923
=650  \0$aOpera$1http://www.wikidata.org/entity/Q1344 $92468
=650  \0$aDutch$1http://www.wikidata.org/entity/Q7411$926205
=651  \0$aNetherlands$1http://www.wikidata.org/entity/Q55$9173
=700  \2$aBuysero, Dirck$d1644-1707/08$1http://www.wikidata.org/entity/Q2626145$4lbt$95506
=700  \\$aAndriessen, Pieter$d1943-2005$1http://www.wikidata.org/entity/Q2428332$4edt$916146
=700  \\$aStrengers, Tom$4edt$927350
=942  \\$cSCO
=952  \\$00$10$2ddc$40$6SCO_HACQ$70$8SCO$923338$aORPH$bORPH$cKTS1_P$d2024-04-30$g2.98$l0$oSCO HACQ$p20132288$r2024-05-09 00:00:00$w2024-05-09$ySCO
=999  \\$d21935

