=LDR  02023acm a2200241   4500
=001  21937
=005  20250120120938.0
=008  170703s1854\\\\\\\g\l\\\\\\\\\\\\0\fre\d
=041  \\$afre
=100  \\$aGaraudé, Alexis de$d1779-1852$4aut$1http://www.wikidata.org/entity/Q1284090$95136
=245  \\$aSolfèges avec la Basse chiffrée, Nouvelle Méthode de Musique
=250  \\$a8th ed.
=260  \\$aParis$aBrussels$aBilbao$bChez l'auteur$bSchott$bPascal$cs.d.
=300  \\$a[4]-138 pages$bLeather bound
=500  \\$aAlexis de Garaudé was a French singer, composer and teacher, active in Paris during the end of the Classical and into the Romantic Era. This training eventually landed him a job as a vocal teacher at the prestigious Paris Conservatory from 1816 up until his retirement in 1841. As a composer, he produced a handful of vocal works, as well as a few piano and chamber works. As a teacher, he wrote multiple pedagogy books, and led many of his students to successful careers.
=590  \\$aen usage au conservatoire de France, et dans ceux d'Italie, d'Espagne, d'Allemagne, de Prusse, de la Belgique, des Pays-Bas &C. La premiere partie, qui remplace avec avantage le Solfège de Rodolphe, et plusieurs d'autres. La seconde partie (destinée principalement aux élèves qui veulent acquérir un talent d'artiste) contient 90 leçons plus difficiles sur toutes les Clefs, sur toutes les mesures, sur la transposition ainsi que des solgèges avec changements de clefs, des solfèges à 2, 3 et 4 voix.
=648  \0$a19th Century (1801-1900)$1http://www.wikidata.org/entity/Q6955$920935
=650  \0$aSolfège$1http://www.wikidata.org/entity/Q159563$927221
=650  \0$aMusic education$1http://www.wikidata.org/entity/Q27908$921766
=856  \\$uhttps://gallica.bnf.fr/view3if/ga/ark:/12148/bpt6k96272814$3Gallica
=942  \\$cBOO
=952  \\$00$10$2ddc$40$6KTS_1_000000000000000_H_04_029$70$8RAR$923339$aORPH$bORPH$cKTS1_H$d2024-05-14$l0$oKTS1 H.04.029$p20146606$r2024-05-14 00:00:00$w2024-05-14$ySCO
=999  \\$d21937

