=LDR  01080nab a22002177a 4500
=001  21969
=005  20250925143311.0
=008  240520s1906\\\\|||z||||\||||\00|\0\fre\d
=245  \\$aMozart - Comptes Rendus des Théatres
=300  \\$a48 pages
=490  \\$aNos Scènes Théatrales$vAnnée 1906 - no.2 - 25 janvier
=500  \\$aCalendar of all musical theatres in Brussels, announcements, seatings, prices and short presentations.
=648  \0$a20th Century (1901-2000)$1http://www.wikidata.org/entity/Q6927$920936
=650  \0$aOpera$1http://www.wikidata.org/entity/Q1344 $92468
=650  \0$aMusic criticism$1http://www.wikidata.org/entity/Q11748889$921598
=650  \0$aPerforming arts$1http://www.wikidata.org/entity/Q184485$924526
=650  \0$aMusic theater$1http://www.wikidata.org/entity/Q96394452$92065
=651  \0$aBrussels (Belgium)$1http://www.wikidata.org/entity/Q239$937
=942  \\$cPER
=952  \\$00$10$2ddc$40$6KTS_1_000000000000000_H_06_001$70$8RAR$923340$aORPH$bORPH$cKTS1_H$d2024-05-20$l0$oKTS1 H.06.001$p20146643$r2024-05-20 00:00:00$w2024-05-20$yPER
=999  \\$d21969

