=LDR  00951nas a22002057a 4500
=001  21970
=008  240520s1886\\\\|||b||||\||||\00|\0\fre\d
=041  \\$afre
=100  \\$aStoullig, Edmond$1http://www.wikidata.org/entity/Q64748720$4edt$915913
=245  \\$aRevue d'art dramatique$bLivraison du 15 septembre 1886
=260  \\$aParis$bDupret$c1886
=300  \\$a[59 pages]
=490  \\$aRevue d'art dramatique$v1re Anée - Tome III - No 18
=648  \0$a19th Century (1801-1900)$1http://www.wikidata.org/entity/Q6955$920935
=650  \0$aMusic criticism$1http://www.wikidata.org/entity/Q11748889$921598
=650  \0$aTheater history$1http://www.wikidata.org/entity/Q1061140$94607
=650  \0$aTheater criticism$1http://www.wikidata.org/entity/Q2416230$921632
=942  \\$cPER
=952  \\$00$10$2ddc$40$6KTS_1_000000000000000_H_06_002$70$8RAR$923341$aORPH$bORPH$cKTS1_H$d2024-05-20$l0$oKTS1 H.06.002$p20146644$r2024-05-20 00:00:00$w2024-05-20$yPER
=999  \\$d21970

