=LDR  01902nab a22002657a 4500
=001  21971
=008  240129s2023\\\\||||||||\||||\00|\0\eng\d
=041  \\$aeng
=100  \\$aParra Cancino, Juan$1https://orcid.org/0000-0002-9793-6539$4First Author$916990
=245  \\$aThe Rebel Crank: redefining street barrel organs performance practice through physical gesture transgression
=336  \\$aJournal Article
=366  \\$b2023-09-13
=500  \\$aCo-authored with PhD candidate and Orpheus Visiting researcher while acting as his external adviser.
=506  \\$aClosed
=509  \\$aFRIS
=520  \\$aThis paper redefines the performance practice of street barrel organs by transcending their conventional physical gestures beyond their role as mere music reproduction machines. We propose a new understanding of these instruments by establishing a parallel with how turntables started to be considered musical instruments through hand manipulation. Collaborating with Chilean 'organilleros', we experimented with the notion of ‘physical gesture transgression’ and explored creating new sounds through various body actions. We provide a list of ‘transgressive gestures,’ proposing expansions through instrument preparation or additional gestures, and how these new gestures can be annotated alongside traditional notation for other musical instruments.


=591  \\$a1
=610  \0$aMusic, Thought and Technology$926934
=773  \\$g51, 4-5, 361-377$tJournal of New Music Research$x17445027
=856  \\$uhttps://doi.org/10.1080/09298215.2023.2254287$3DOI
=942  \\$cART
=952  \\$00$10$2ddc$40$70$923342$aORPH$bORPH$d2024-05-20$l0$r2024-05-20 00:00:00$w2024-05-20$yART
=952  \\$00$10$2ddc$40$70$923778$aORPH$bORPH$d2024-05-20$l0$r2024-05-20 00:00:00$w2024-05-20$yART
=952  \\$00$10$2ddc$40$70$924017$aORPH$bORPH$d2024-05-20$l0$r2024-05-20 00:00:00$w2024-05-20$yART
=999  \\$d21971

