=LDR  01045nam a22002657a 4500
=001  21978
=008  240201s2023\\\\||||||||\||||\00|\0\eng\d
=041  \\$aeng
=044  \\$aBE
=046  \\$k2023-10-15$l2023-10-20
=100  \\$aParra Cancino, Juan$1https://orcid.org/0000-0002-9793-6539$4Creator$916990
=111  \\$aInternational Computer Music Conference 2023$cThe Chinese University of Hong Kong, Shenzhen, China$dOctober 15-20, 2023$gConference
=245  \\$aMTT Studio Report
=260  \\$aShenzhen, China$bThe Chinese University of Hong Kong, Shenzhen, China$c2023
=336  \\$aEvent
=366  \\$b2023-10-15
=506  \\$aopen
=509  \\$aFRIS
=591  \\$a1
=610  \0$aMusic, Thought and Technology$926934
=856  \\$uhttps://www.icmc2023.org.cn/_pc_/home_page/index$3Universal Resource Locator
=942  \\$cNWO
=952  \\$00$10$2ddc$40$70$923345$aORPH$bORPH$d2024-05-20$l0$r2024-05-20 00:00:00$w2024-05-20$yNWO
=952  \\$00$10$2ddc$40$70$924020$aORPH$bORPH$d2024-05-20$l0$r2024-05-20 00:00:00$w2024-05-20$yNWO
=999  \\$d21978

