=LDR  01073nam a22002777a 4500
=001  21980
=008  240201s2023\\\\||||||||\||||\00|\0\eng\d
=041  \\$ager
=044  \\$aDE
=046  \\$k2023-11-15$l2023-11-15
=100  \\$aParra Cancino, Juan$1https://orcid.org/0000-0002-9793-6539$4Creator$eGuitar, electronics.$916990
=111  \\$aeTeach 2023 conference$cBauhaus University, Weimar$dNovember 15-2023$gConference
=245  \\$aThe Core
=260  \\$aWeimar, Germany$bBauhaus University$c2023
=336  \\$aEvent
=366  \\$b2023-11-15
=506  \\$aopen
=509  \\$aFRIS
=591  \\$a1
=610  \0$aMusic, Thought and Technology$926934
=856  \\$uhttps://www.uni-weimar.de/index.php?id=69543$3Universal Resource Locator
=942  \\$cNWO
=952  \\$00$10$2ddc$40$70$923347$aORPH$bORPH$d2024-05-20$l0$r2024-05-20 00:00:00$w2024-05-20$yNWO
=952  \\$00$10$2ddc$40$70$923782$aORPH$bORPH$d2024-05-20$l0$r2024-05-20 00:00:00$w2024-05-20$yNWO
=952  \\$00$10$2ddc$40$70$924022$aORPH$bORPH$d2024-05-20$l0$r2024-05-20 00:00:00$w2024-05-20$yNWO
=999  \\$d21980

