=LDR  01477nam a22002417a 4500
=001  21981
=008  240521s1679\\\\|||\||||\\|||\00|\0dfre\d
=041  \\$afre
=245  \\$aRelation Autant curieuse, comme aussi tout ensemble tres succincte, Qui plus est, tout à fait impartiale, De divers evenements de cette derniere Guerre, depuis l'an 1670, jusques à la fin de l'année 1678
=260  \\$a'A Ville Franche'$c1679
=300  \\$a59-[i] pages$bsmall volume that would fit in most pockets, with green cover with fold-over to close; contains ms additions
=500  \\$aAbout the (Franco-Dutch) wars of 1672-1678.
=500  \\$aContains some (contemporary) manuscript additions.
=561  \\$aEx libris: stamp "Reglae Biblioth: Acad: Pragen" ?
and a smaller stamp with a small heraldic badge and initials or abbreviation "Z.S.K"
=648  \0$a17th Century (1601-1700)$1http://www.wikidata.org/entity/Q7016$920923
=650  \0$aMilitary history$1http://www.wikidata.org/entity/Q192781$93874
=650  \0$aHistoriography$1http://www.wikidata.org/entity/Q50675$921801
=650  \0$aWar$1http://www.wikidata.org/entity/Q198$92928
=651  \0$aFrance$1http://www.wikidata.org/entity/Q142$9131
=651  \0$aNetherlands$1http://www.wikidata.org/entity/Q55$9173
=942  \\$cBOO
=952  \\$00$10$2ddc$40$6KTS_1_000000000000000_C1_03_05B51$70$8RAR$923348$aORPH$bORPH$cKTS1_C1$d2024-05-21$eKoopman$iH2-005$l0$oKTS1 C1.03 05B51$p20146647$r2024-05-21 00:00:00$w2024-05-21$yBOO
=999  \\$d21981

