=LDR  02288acm a2200229   4500
=001  22029
=005  20250120120941.0
=008  140425r20021981\\\\\\\\\\\\\\\\\\0\ita\d
=020  \\$a9790041333687
=041  \\$aita
=059  \\$aSSS ch bfl cbcl elec
=100  \\$4cmp$aNono, Luigi$d1924-1990$1http://www.wikidata.org/entity/Q160451$917010
=245  \\$aIo, frammento da Prometeo
=260  \\$aMilan$bRicordi$c2002
=300  \\$axliv-103 pages
=500  \\$afor 3 sopranos, small chorus, bass flute, contrabass clarinet and live electronics
=500  \\$aIn 1975, Nono sketched out Prometeo - tragedia dell'ascolto ("Prometheus - tragedy of listening"), a project that would occupy him for the next decade: a vast meditation with no sets, costumes, characters or narration, totally absorbing the performance into the musical discourse. Here, the Italian composer denounced the conventions of opera, where singing, by illustrating the scenic dimension, disperses the spectator's attention to the detriment of listening. In opposition to this perception determined by the gaze, which the frontal arrangement directs in a single direction, he conceived his work as an archipelago where the listener's ear is invited to move, as if it were sailing between islands. Premiered on 24 September 1981, Io was subsequently included in Prometeo's "Isola seconda". But if Nono confronts the priestess loved by Zeus with the Titan who defied the gods, it is also because he sees in these two characters emblematic figures of the quest and the wanderer. What's more, Io embodies the "choice between a balanced, well-thought-out, secure existence and a problematic, anxious, even distressing existence - even with moments of intense joy - an existence open to all experience, to all knowledge". No doubt he will encourage his audience to choose the second option, where listening becomes the key to an awakened consciousness. (Translated with DeepL.com)
=590  \\$aA più cori, per 3 soprani, piccolo coro, flauto basso, clarinetto contrabasso in si bemolle e live electronics
=700  1\$aCacciari, Massimo$4edt$927392
=942  \\$cSCO
=952  \\$00$10$2ddc$40$6SCO_NONO$70$8SCO$923349$aORPH$bORPH$cKTS1_P$d2024-05-06$l1$oSCO NONO$p20146652$r2024-09-16 00:00:00$s2024-05-27$w2024-05-27$ySCO
=999  \\$d22029

