=LDR  01803acm a2200169   4500
=001  22030
=005  20250120120058.0
=008  140425s1987\\\\\\\\\l\|\\\\\\\\\\0\ita\d
=041  \\$aita$aeng$ager
=100  \\$4cmp$aNono, Luigi$d1924-1990$1http://www.wikidata.org/entity/Q160451$917010
=245  \\$aPost-prae-ludium per Donau (1987):$bPer tuba [in fa] e live electronics
=260  \\$aMilan$bRicordi$c1987
=300  \\$a11 pages
=500  \\$aPost-Prae-Ludium for Donau, performed in Donaueschingen in 1987, was born from the close collaboration between the musician and the performer: Giancarlo Schiaffini. The latter, together with flutist Roberto Fabbriciani and clarinettist Ciro Scarponi, was one of the performers who collaborated continuously with Luigi Nono in his last musical wanderings, following the turning point marked by the Fragmente-Stille quartet, an Diotima. Their performing technique solicited the composer's imagination, suggested other sounds, and actively interacted in the creative process. In fact, during the genesis of Prometheus, Nono noted: <<Fabbriciani in the C3 F3 register of the flute Scarponi in the D flat2 A flat2 register of the clarinet, Schiaffini in the F2 F3 register of the tuba manage to produce true sine wave sounds without harmonics (all analysed in Freiburg with the sonoscop)>>. The fundamental and inevitable encounter with live electronics in Freiburg, with the technique of live transformation of the sounds produced by the instrumentalists and singers, altered Nono's own compositional work just as it made his graphic transcription uncertain. (Translated with DeepL.com)
=942  \\$cSCO
=952  \\$00$10$2ddc$40$6SCO_XL_NONO$70$8SCO$923350$aORPH$bORPH$cKTS1_P$d2024-05-27$l1$oSCO XL NONO$p20146653$r2024-09-16 00:00:00$s2024-05-27$w2024-05-27$ySCO
=999  \\$d22030

