=LDR  01747cam a22002414a 4500
=001  22036
=005  20251001162235.0
=008  050616s2005\\\\enkab\\\\b\\\\001\0\eng\\
=020  \\$a1844670260
=041  \\$aeng
=100  1\$aMoretti, Franco$d1950-$1http://www.wikidata.org/entity/Q971600$4aut$927405
=245  10$aGraphs, Maps, Trees:$bAbstract Models for a Literary History
=260  \\$aLondon$bVerso$c2005
=300  \\$a119 pages
=504  \\$aIncludes bibliographical references and index.
=520  \\$aIn this groundbreaking book, Franco Moretti argues that literature scholars should stop reading books and start counting, graphing, and mapping them instead. In place of the traditionally selective literary canon of a few hundred texts, Moretti offers charts, maps and time lines, developing the idea of “distant reading” into a full-blown experiment in literary historiography, in which the canon disappears into the larger literary system. Charting entire genres—the epistolary, the gothic, and the historical novel—as well as the literary output of countries such as Japan, Italy, Spain, and Nigeria, he shows how literary history looks significantly different from what is commonly supposed and how the concept of aesthetic form can be radically redefined.
=650  \0$aLiterature$1http://www.wikidata.org/entity/Q8242$94439
=650  \0$aHistory$1http://www.wikidata.org/entity/Q309$921403
=650  \0$aHistoriography$1http://www.wikidata.org/entity/Q50675$921801
=650  \0$aAesthetics$1http://www.wikidata.org/entity/Q35986$921494
=942  \\$cBOO
=952  \\$00$10$2ddc$40$6LIT_MORE_B$70$8LIT$923351$aORPH$bORPH$cKM12_2_H$d2024-04-30$l1$oLIT MORE b$p20146654$r2024-09-11 00:00:00$s2024-06-03$w2024-06-03$yBOO
=999  \\$d22036

