=LDR  02040cam a22002654a 4500
=001  22037
=005  20251001162314.0
=008  010423s2001\\\\fr\\\\\\\b\\\\001\0\fre\\
=020  \\$a2711614980
=020  \\$a9782711614981
=041  \\$afre
=100  1\$aCharrak, André$1http://www.wikidata.org/entity/Q2847500$4aut$927406
=245  10$aRaison et perception :$bfonder l'harmonie au XVIIIe siècle
=260  \\$aParis$bVrin$c2001
=300  \\$a319 pages
=490  \\$aMathesis$x1147-4920
=504  \\$aIncludes bibliographical references (p. [297]-313) and index.
=520  \\$aThe major issues at stake in the confrontation between music and the mathematisation of phenomena are well illustrated by Jean-Philippe Rameau's attempt to found the system of harmony and the feeling that manifests it in nature. This undertaking combined a new and original conception of the principles of musical writing, more traditional arithmetical speculations and the experimental results of a physics of vibration. In this respect, the Ramist theory provided the Encyclopaedists with grounds for an epistemological reflection on the conditions for a legitimate application of the sciences to one another. But the ambition to discover the natural origin of harmony also mobilised hypotheses about musical perception, and gave rise to exemplary opposition from Rousseau and Diderot.
The problem of the foundations of harmony thus sheds new light on Enlightenment empiricism, as a theory of knowledge and as a philosophy of perception. (Translated with DeepL.com)
=648  \0$a18th Century (1701-1800)$1http://www.wikidata.org/entity/Q7015$920899
=650  \0$aMusic philosophy and aesthetics$1http://www.wikidata.org/entity/Q2092865$921165
=650  \0$aHarmony$1http://www.wikidata.org/entity/Q184421$92358
=650  \0$aMusic history$1http://www.wikidata.org/entity/Q846047$921373
=942  \\$cBOO
=952  \\$00$10$2ddc$40$6AES_CHAR$70$8AES$923352$aORPH$bORPH$cKM12_1$d2024-06-03$l0$oAES CHAR$p20146655$r2024-06-03 00:00:00$w2024-06-03$yBOO
=999  \\$d22037

