=LDR  00730nam a22001817a 4500
=001  22038
=008  240603s1990\\\\|||a||||\||||\00|\0\ger\d
=041  \\$ager
=100  \\$aStopper, Bernhard$4aut$927407
=245  \\$aDas Dodekachord:$bein zwölfstufig-diatonisches Musiksystem
=260  \\$aRottenburg$bStopper$c1990
=300  \\$a20 pages
=650  \0$aHarmony$1http://www.wikidata.org/entity/Q184421$92358
=650  \0$aTemperament$1http://www.wikidata.org/entity/Q55073971$921656
=650  \0$aScale$1http://www.wikidata.org/entity/Q179651$923615
=942  \\$cBOO
=952  \\$00$10$2ddc$40$6MTP_1_000000000000000_STOP$70$8MTP$923353$aORPH$bORPH$cKM12_1$d2024-06-03$l0$oMTP1 STOP$p20146656$r2024-06-03 00:00:00$w2024-06-03$yBOO
=999  \\$d22038

