=LDR  00590nas a22001577a 4500
=001  22039
=008  240603s2024\\\\|||z||||\||||\00|\0\dut\d
=041  \\$adut
=100  1\$aJacobs, Jessica$4edt$927413
=245  \\$aMeta:$bTijdschrift voor bibliotheek en archief
=260  \\$aAntwerp$bJacobs$c2024
=650  \0$aLibrary$1http://www.wikidata.org/entity/Q7075$94229
=650  \0$aPeriodical$1http://www.wikidata.org/entity/Q1002697$921106
=942  \\$cPER
=952  \\$00$10$2ddc$40$6PER_ME2$70$8PER$923354$aORPH$bORPH$cKTS0$d2024-06-03$l0$oPER ME2$p20146657$r2024-06-03 00:00:00$w2024-06-03$yPER
=999  \\$d22039

