=LDR  00475nas a22001457a 4500
=001  22040
=008  240603s2024\\\\|||m||||\||||\00|\0\eng\d
=041  \\$aeng
=100  1\$aJacobs, Jessica$4edt$927413
=245  \\$aThe Wire:$bAdventures in Sound and Music
=260  \\$aLondon$c2024
=490  \\$aMarch-June 2024$v481-484
=942  \\$cPER
=952  \\$00$10$2ddc$40$6PER_WI1$70$8PER$923355$aORPH$bORPH$cKM12_1$d2024-06-03$l0$oPER WI1$p20146658$r2024-06-03 00:00:00$w2024-06-03$yPER
=999  \\$d22040

