=LDR  01387nam a22001937a 4500
=001  22042
=008  240610s2012\\\\||||||||\m|||\00|\0\eng\d
=041  \\$aeng
=100  1\$aRadman, Andrej$d1968-$4aut$927428
=245  \\$aGibsonism:$bEcologies of Architecture
=260  \\$aDelft$bRadman$c2012
=300  \\$a407-[1] pages
=520  \\$aThere is widespread commitment to indirect realism and reductionism among architects. As Robin Evans diagnosed, "we are landed not only with a picture theory of vision, but with a pervasive picture method of construction for manufactured objects as well." We see with our eyes, don't we? The answer is no. The founder of the ecological approach to perception insisted that we see with the eyes in the head on a mobile body supported by the ground, the brain being only the central organ of a complete visual system. The dissertation seeks to invigorate James Jerome Gibson's radical empiricism by exploring his unwitting affiliation with Gilles Deleuze's anti-representationalism
=600  10$aGibson, James J.$d1904-1979$927429
=650  \0$aArchitecture$1http://www.wikidata.org/entity/Q12271$93185
=650  \0$aEmpiricism$1http://www.wikidata.org/entity/Q83368$924647
=942  \\$cDIS
=952  \\$00$10$2ddc$40$6MTP_5_000000000000000_RADM$70$8MTP$923357$aORPH$bORPH$cKTS0$d2024-06-10$l0$oMTP5 RADM$p20143574$r2024-06-10 00:00:00$w2024-06-10$yDIS
=999  \\$d22042

