=LDR  00997nam a2200169 c 4500
=001  22043
=008  160611s1969\\\\\\\o\\\\\||||\00|||\eng\d
=041  0\$aeng
=245  10$a'Man on the Moon':$bA Picture Chronology of Man in Space Exploration
=260  \\$aDallas, Texas$bGalina$c1969
=300  \\$a[32] pages
=490  \\$aCollector's edition
=500  \\$aThe space program has a long history in Texas and this Galina Publications booklet from Dallas appears to be one of the early souvenirs of the Apollo missions highlighting the achievements of the space program, and culminates in the Apollo 11 mission that first landed on the moon. This appears to be a commemorative booklet issued at the time in 1969 with photos and diagrams from NASA.
=650  \0$aHistory$1http://www.wikidata.org/entity/Q309$921403
=942  \\$cBOO
=952  \\$00$10$2ddc$40$6KTS_1_000000000000000_H_07_038$70$8RAR$923358$aORPH$bORPH$cKTS1_H$d2024-06-10$l0$oKTS1 H.07.038$p20143575$r2024-06-10 00:00:00$w2024-06-10$yBOO
=999  \\$d22043

