=LDR  01485cjm a2200313u  4500
=001  22044
=005  20250121142136.0
=008  851025s1979\\\\xx\\\|\\\\\\\\000\0\fre\\
=024  \\$2Alpha$aBNB 2-3
=040  \\$aOI
=041  \\$afre
=059  \\$a2vn bc
=100  \\$aGodecharle, Eugène$d1742-1798$1http://www.wikidata.org/entity/Q18736275$4cmp$927430
=240  00$aTrio sonatas, violins, continuo, op. 3
=245  00$aSix trios $bPour deux Violons et Basse
=260  \\$aBrussels$bAlpha$c1979
=300  \\$a2-LP, stereo$bgatefold sleeve$c12"
=490  \\$aMonumenta Musica Bibliothecæ Regiæ Belgicæ$v2-3
=534  \\$cParis and Brussels: Vendôme/Montulay, 1765-74
=561  \\$aEx libris Klaas Maddens, Kortrijk; acquired from his daughter, Liesbet
=610  \0$aKoninklijke Bibliotheek van België / Bibliothèque royale 'Albert Ier' (Brussels, Belgium)$1http://www.wikidata.org/entity/Q383931$91442
=648  \0$a18th Century (1701-1800)$1http://www.wikidata.org/entity/Q7015$920899
=650  \0$aTrio$1http://www.wikidata.org/entity/Q281643$921327
=651  \0$aBelgium$1http://www.wikidata.org/entity/Q31$920881
=700  \\$aHuys, Bernard$1http://www.wikidata.org/entity/Q65249420$4wam$917389
=710  \\$aEnsemble Instrumental du Brabant (Belgium)$4prf$927431
=942  \\$cREC
=952  \\$00$10$2ddc$40$6REC_12_000000000000000_GODE_1979$70$8REC$923359$aORPH$bORPH$cKM12_3_2$d2024-05-19$f1.00$l0$oREC 12 GODE 1979$r2024-06-11 00:00:00$w2024-06-11$yREC
=999  \\$d22044

