=LDR  01541cjm a2200325u  4500
=001  22045
=005  20250121142136.0
=008  851025s1984\\\\xx\\\|\\\\\\\\000\0\fre\\
=024  \\$2Alpha$aBRB 9
=040  \\$aOI
=041  \\$afre
=059  \\$a2vn hpd
=100  \\$aVan Maldere, Pierre$d1729-1768$1http://www.wikidata.org/entity/Q509130$4cmp$921016
=245  00$aVI Sonatas for Two Violins with a Bass for the Harpsichord or Violoncello
=260  \\$aBrussels$bAlpha$c1984
=300  \\$aLP, stereo$bgatefold sleeve$c12"
=490  \\$aMonumenta Musica Bibliothecæ Regiæ Belgicæ$v9
=534  \\$cLondon: Walsh, s.d.
=561  \\$aEx libris Klaas Maddens, Kortrijk; acquired from his daughter, Liesbet
=590  \\$aEerste integrale opname
=610  \0$aKoninklijke Bibliotheek van België / Bibliothèque royale 'Albert Ier' (Brussels, Belgium)$1http://www.wikidata.org/entity/Q383931$91442
=648  \0$a18th Century (1701-1800)$1http://www.wikidata.org/entity/Q7015$920899
=650  \0$aFreedom$1http://www.wikidata.org/entity/Q310735$923033
=651  \0$aBelgium$1http://www.wikidata.org/entity/Q31$920881
=700  \\$aVierset, Simone$4prf$927433$eHarpsichord$eBasso continuo
=700  \\$aHuys, Bernard$1http://www.wikidata.org/entity/Q65249420$4wam$917389
=710  \\$aDuo Siwy (Belgium)$4prf$927432$eViolin
=942  \\$cREC
=952  \\$00$10$2ddc$40$6REC_12_000000000000000_VANM_1984$70$8REC$923360$aORPH$bORPH$cKM12_2_B$d2024-05-19$g1.00$l0$oREC 12 VANM 1984$p20143580$r2024-06-11 00:00:00$w2024-06-11$yREC
=999  \\$d22045

