=LDR  01491cjm a2200325u  4500
=001  22046
=005  20250901113608.0
=008  851025s1981\\\\xx\\\|\\\\\\\\000\0\fre\\
=024  \\$2Alpha$aBNB 5-6
=040  \\$aOI
=041  \\$afre
=100  \\$aFesch, Willem de$d1687-1761$1http://www.wikidata.org/entity/Q999550$4cmp$95302
=245  00$aVIII Concerto's in Seven Parts$bOpus X
=260  \\$aBrussels$bAlpha$c1981
=300  \\$a2-LP, stereo$bgatefold sleeve$c12"
=490  \\$aMonumenta Musica Bibliothecæ Regiæ Belgicæ$v5-6
=534  \\$cLondon: Walsh, 1741
=561  \\$aEx libris Klaas Maddens, Kortrijk; acquired from his daughter, Liesbet
=590  \\$aEerste integrale opname
=610  \0$aKoninklijke Bibliotheek van België / Bibliothèque royale 'Albert Ier' (Brussels, Belgium)$1http://www.wikidata.org/entity/Q383931$91442
=648  \0$a18th Century (1701-1800)$1http://www.wikidata.org/entity/Q7015$920899
=650  \0$aConcerto$1http://www.wikidata.org/entity/Q9748$921817
=651  \0$aBelgium$1http://www.wikidata.org/entity/Q31$920881
=700  \\$aHuys, Bernard$1http://www.wikidata.org/entity/Q65249420$4wam$917389
=700  \\$aMijajev, Dejan$4cnd$4prf$4wam$927435$eViolin
=700  \\$4wam
=710  \\$aMusici Academici (Belgium)$4prf$927434
=942  \\$cREC
=952  \\$00$10$2ddc$40$6REC_12_000000000000000_FESC_1981$70$8REC$923361$aORPH$bORPH$cKM12_2_B$d2024-05-19$g1.00$l0$oREC 12 FESC 1981$p20143581$r2024-06-11 00:00:00$w2024-06-11$yREC
=999  \\$d22046

