=LDR  02382acm a2200277   4500
=001  22047
=005  20250925143311.0
=008  140425r20171987\\\\\l\|\\\\\\\\\\0\mul\d
=041  \\$aita$aeng$ager
=100  \\$4cmp$aNono, Luigi$d1924-1990$1http://www.wikidata.org/entity/Q160451$917010
=245  \\$aPrometeo:$bTragedia dell'ascolto
=260  \\$aMilan$bRicordi$c2017
=300  \\$axxi-231+[vi]-513-[8] pages
=500  \\$aScore + Notes on Performance
=500  \\$aPrometeo (Prometheus) by Luigi Nono was written between 1981 and 1984 and revised in 1985. Nono labels Prometeo a "tragedia dell'ascolto", a tragedy of listening. Objectively it can be considered a sequence of nine cantatas, the longest lasting 23 minutes. The Italian libretto, by Massimo Cacciari, selects from texts by such varied authors as Aeschylus, Walter Benjamin and Rainer Maria Rilke and presents the different versions of the myth of Prometheus without telling any version literally.
=500  \\$aPrometeo in its final form (1985) is scored for: 5 vocal soloists (2 sopranos, 2 altos, 1 tenor), 2 speakers (one male, one female), choir (12 singers), 4 orchestral groups, each consisting of: flute/piccolo, clarinet, bassoon, horn, trumpet, trombone, 4 violins, viola, cello, double bass, 7 glasses, 6 instrumental soloists: bass flute/piccolo/C flute, contrabass clarinet/clarinet in B♭/clarinet in E♭, trombone/tuba/euphonium, viola, cello, double bass, 2 conductors. Sounds from the vocalists and instrumentalists are electronically manipulated.
The duration of the final version is given as 135 minutes.
=590  \\$aTesti a cura di Massimo Cacciari, da Eschilo, Walter Benjamin, Friedrich Hölderlin e altri
=648  \0$a20th Century (1901-2000)$1http://www.wikidata.org/entity/Q6927$920936
=650  \0$aCantata$1http://www.wikidata.org/entity/Q174873$921603
=700  1\$aRichard, André$d1944-$4edt$927436
=700  1\$aMazzolini, Marco$4win$927437
=700  1\$aNielinger-Vakil, Carola$d1966-$4aut$927438
=942  \\$cSCO
=952  \\$00$10$2ddc$3Score$40$6SCO_XL_NONO$70$8SCO$923362$aORPH$bORPH$cKTS1_P$d2024-06-11$l1$oSCO XL NONO$p20143576$r2025-07-14 12:29:37$s2024-06-11$w2024-06-11$ySCO
=952  \\$00$10$2ddc$3Notes on Performance$40$6BIO_NONO_E$70$8BIO$923363$aORPH$bORPH$cKTS1_P$d2024-06-11$l1$oBIO NONO e$p20143577$r2025-07-14 12:28:52$s2024-06-11$w2024-06-11$yBOO
=999  \\$d22047

