=LDR  02826acm a2200229   4500
=001  22048
=005  20250604111955.0
=008  140425s1988\\\\\\\\\l\|\\\\\\\\\\0\ita\d
=041  \\$aita$aeng$ager
=100  \\$4cmp$aNono, Luigi$d1924-1990$1http://www.wikidata.org/entity/Q160451$917010
=245  \\$aCon Luigi Dallapiccola:$bPer 6 esecutori di percussione e live electronic (1979)
=260  \\$aMilan$bRicordi$c1988
=300  \\$a16 pages
=500  \\$a6 Percussion instruments: 3 Timpani, 2 Marimba, Crotales, 3 Slabs, 3 Tubular Bells, 3 Big Boxes, Lion's Roar, 3 Tom-Toms, 7 Triangles, Turkish Cymbal, Chinese Cymbal, 3 Wood blocks, 3 Temple blocks, Bamboo Tube, Rattles; Live electronics: 2 Loudspeakers, 4 Pickups, 3 Ring Modulators, 3 Electronic Sound Generators
=500  \\$a‘Pick-ups are contact microphones,’ writes Nono, ‘that are used very often by rock bands: their main characteristic is that they immediately pick up the vibration emitted by the instrument without it passing through the air. In this way, it is enough to touch the instrument (in the case of Con Luigi Dallapiccola, these are metal plates) for the vibration to be picked up at its root and amplified immediately. Ring modulators in combination with frequency generators, on the other hand, act differently: you have on the one hand the vibration of the instrument and on the other a frequency produced by the generator. The ring modulator intervening gives you a different acoustic spectrum in which you have the subtraction and the sum of the two acoustic signals [...].

The new beginning, inaugurated with ...sofferte onde serene..., continues in this work. A further radical reduction of the starting musical material (only the three notes quoted from Dallapiccola's work), a fascinating poetics of silences from which the most diverse sound events emerge and to which they return, with the use of pauses as a measure of music as an element of formal construction (the work closes with the gradual ‘letting go’ of the sound motto from the Prisoner on a long crown), and finally a renewed spatialisation of sound through live amplification are the salient aspects of this work that heralds Nono's new and restless path of the last ten years. (Translated with DeepL.com)
=534  \\$aFirst performance in Milan, Teatro alla Scala, 4 November 1979
=650  \0$aPercussion$1http://www.wikidata.org/entity/Q1661583$92155
=650  \0$aElectronic music$1http://www.wikidata.org/entity/Q9778$922014
=942  \\$cSCO
=952  \\$00$10$2ddc$40$6SCO_XL_NONO$70$8SCO$923364$aORPH$bORPH$cKTS1_P$d2024-06-11$l1$oSCO XL NONO$p20143578$r2024-09-16 00:00:00$s2024-06-11$w2024-06-11$ySCO
=952  \\$00$10$2ddc$40$6SCO_XL_NONO$70$8SCO$923586$aORPH$bORPH$cKTS1_P$d2024-06-11$l0$oSCO XL NONO$p20143804$r2024-09-16 00:00:00$w2024-06-11$ySCO
=999  \\$d22048

