=LDR  01800acm a2200205   4500
=001  22049
=005  20250120120941.0
=008  140425r20051987\\\\\\\\\\\\\\\\\\0\ita\d
=020  \\$a9790041393780
=041  \\$aita
=100  \\$4cmp$aNono, Luigi$d1924-1990$1http://www.wikidata.org/entity/Q160451$917010
=245  \\$aDas atmende Klarsein:$bPer piccolo coro, flauto basso, live electronics e nastro magnetico
=260  \\$aMilan$bRicordi$c2005
=300  \\$axxvii-22 pages$eDVD
=520  \\$aResearching into the fringe ranges of hearing, and actually going to the limits: electronics – live or prerecorded – was one of the tools employed by Luigi Nono in pursuance of this object. In his work Das atmende Klarsein he moreover endeavored to expand the ability of listening: "Waking up the ear, the eyes, human understanding, intelligence, is what is essential today," the composer, also a politically aware man, observed in the early 1980s. Das atmende Klarsein "is a key work of Nono's final years as regards his vocal technique and the use of live electronics in view of the transformation of instrumental sounds, in this case the bass flute." (Max Nyffeler) The composition ...sofferte onde serene... reflects Nono's friendship with Maurizio Pollini and their shared history of "serene waves endured." Like Con Luigi Dallapiccola it is one of Nono's intimate and personalized compositions that are essentially addressed to one recipient only. 
=590  \\$aTesti da Duineser Elegien di Rainer Maria Rilke e da antiche lamellae orfiche a cura di Massimo Cacciari (1980-83)
=700  1\$aCacciari, Massimo$4edt$927392
=942  \\$cSCO
=952  \\$00$10$2ddc$40$6SCO_NONO$70$8SCO$923365$aORPH$bORPH$cKTS1_P$d2024-06-11$l1$oSCO NONO$p20143579$r2024-09-16 00:00:00$s2024-06-11$w2024-06-11$ySCO
=999  \\$d22049

