=LDR  01242nim a22002537a 4500
=001  22051
=008  240613r\\\\1964||||||||\||||\00|\0\fre\d
=024  \\$2Pathé Marconi$aC 061-10633/5
=041  \\$afre
=100  \\$aRacine, Jean$d1639-1699$1http://www.wikidata.org/entity/Q742$4aut$95767
=245  \\$aBritannicus
=260  \\$aParis$bPathé Marconi$cs.d.
=300  \\$a3-LP, mono$bgatefold sleeve
=534  \\$aOriginally published in 1964
=600  \0$aNero$cEmperor$d37-68$1http://www.wikidata.org/entity/Q1413$927442
=648  \0$aClassical Antiquity (8th Century BC-6th Century AD)$1http://www.wikidata.org/entity/Q486761$921435
=648  \0$a17th Century (1601-1700)$1http://www.wikidata.org/entity/Q7016$920923
=650  \0$aTragedy$1http://www.wikidata.org/entity/Q80930$924998
=651  \0$aRome (Italy)$1http://www.wikidata.org/entity/Q220$949
=651  \0$aParis (France)$1http://www.wikidata.org/entity/Q90$9160
=710  \\$aComédie-Française (Paris, France)$1http://www.wikidata.org/entity/Q61460498$4prf$920931
=942  \\$cREC
=952  \\$00$10$2ddc$40$6REC_12_000000000000000_COME_1964$70$8REC$923371$aORPH$bORPH$cKM12_2_B$d2024-04-11$g2.00$l0$oREC 12 COME 1964$p20143582$r2024-06-13 00:00:00$w2024-06-13$yREC
=999  \\$d22051

