=LDR  02246cam a2200301 i 4500
=001  22053
=008  220409s2021\\\\au\ag\\\\b\\\\001\0\mul\\
=020  \\$a9783990128480
=041  0\$aita$aeng$ager
=245  03$aIl giovane Metastasio
=246  \\$aDer junge Metastasio
=260  \\$aVienna$bHollitzer$c2021
=300  \\$axviii-352 pages$billustrations, music
=490  \\$aSpecula spectacula$x2616-9037$v9
=504  \\$aIncludes bibliographical references and index.
=520  \\$aThis volume is based on a Viennese conference on the first decade of Pietro Metastasio's (1698-1782) artistic activity. It deals with the period when he was striving to assert himself as a "virtuoso di poesia", first in Napoleonic salons and finally in the opera houses of the musical centres of Naples, Rome and Venice. It was during this period that Metastasio developed his elegant and subtle poetics for the operatic stage - his appointment as poeta cesareo to the Viennese court (1730) greatly promoted the dissemination of his works in Europe. His most famous libretti were set to music by more than 80 composers - including Mozart and Beethoven. The contributions in this volume take the reader into the poet's workplace and illustrate the extraordinary combination of musicality, erudition and ingenious flair for theatrical effectiveness. (Translated with DeepL.com)
=546  \\$a10 Italian, 1 English, 4 German contributions; Preface parallel in German and Italian.
=600  \0$aMetastasio, Pietro$d1698-1782$1http://www.wikidata.org/entity/Q29473$96031
=648  \0$a18th Century (1701-1800)$1http://www.wikidata.org/entity/Q7015$920899
=650  \0$aLibretto$1http://www.wikidata.org/entity/Q131084$94031
=650  \0$aTheater history$1http://www.wikidata.org/entity/Q1061140$94607
=650  \0$aMusic theater$1http://www.wikidata.org/entity/Q96394452$92065
=651  \0$aItaly$1http://www.wikidata.org/entity/Q38$922
=700  \\$aCotticelli, Francesco$d1966-$1http://www.wikidata.org/entity/Q112469649$4edt$926232
=700  1\$aEisendle, Reinhard$4edt$927446
=942  \\$cBOO
=952  \\$00$10$2ddc$40$6BIO_META_E$70$8BIO$923373$aORPH$bORPH$cKTS1_P$d2024-06-13$g8.00$l0$oBIO META e$p20146678$r2024-06-17 00:00:00$w2024-06-17$yBOO
=999  \\$d22053

