=LDR  02359cam a22002774a 4500
=001  22054
=005  20250925143311.0
=008  011228s2002\\\\maua\\\\\bk\\\001\0beng\\
=020  \\$a9781555535247
=041  \\$aeng
=100  1\$aMallach, Alan$4aut$927447
=245  10$aPietro Mascagni and his Operas
=260  \\$aBoston$bNortheastern University Press$c2002
=300  \\$axvi-378 pages$billustrations, music examples
=504  \\$aIncludes discography (p. 297-306), bibliographical references (p. 355-365), and index.
=520  \\$aOpera scholar Mallach fills a gap in the musical literature with this welcome discourse on Italian composer Pietro Mascagni (1863-1945), now chiefly remembered for his 1890 opera Cavalleria Rusticana. Drawing on the composer's correspondence as well as family reminiscences, contemporary reviews, European archives, and secondary sources, the author creates a vivid portrait of a creative artist. Within a chronological framework, he explores Mascagni's experiences as a student at the Milan conservatory and teacher at the Liceo Rossini in Pesaro, work as a traveling conductor, tours of the United States and Argentina, political affiliations ranging from Bolshevik to Fascist, struggles with bipolar disorder, and relationship with Anna Lolli under the gaze of his long-suffering wife, Lina. Mallach addresses each opera, providing historical context, synopses, character descriptions, and musical analysis accessible to the lay reader. The useful appendixes include a list of first performances and a selective discography. The only drawbacks are some inconsistencies and a tendency toward overstatement. -- Library Journal
=600  \0$aMascagni, Pietro$d1863-1945$1http://www.wikidata.org/entity/Q181894$918004
=648  \0$a19th Century (1801-1900)$1http://www.wikidata.org/entity/Q6955$920935
=648  \0$a20th Century (1901-2000)$1http://www.wikidata.org/entity/Q6927$920936
=650  \0$aComposer$1http://www.wikidata.org/entity/Q36834$93625
=650  \0$aOpera$1http://www.wikidata.org/entity/Q1344 $92468
=650  \0$aBiography$1http://www.wikidata.org/entity/Q36279$91927
=651  \0$aItaly$1http://www.wikidata.org/entity/Q38$922
=942  \\$cBOO
=952  \\$00$10$2ddc$40$6BIO_MASC_D$70$8BIO$923374$aORPH$bORPH$cKTS1_P$d2024-06-13$l0$oBIO MASC d$p20146679$r2024-06-17 00:00:00$w2024-06-17$yBOO
=999  \\$d22054

