=LDR  01739cam a2200253 a 4500
=001  22055
=008  830725s1982\\\\fr\a\\\\\b\\\f100\0\fre\\
=020  \\$a2222030013
=041  \\$afre
=245  00$aVictor Louis et le théâtre :$bscénographie, mise en scène et architecture théâtrale aux XVIIIe et XIXe siècles
=260  \\$aParis$bEditions du Centre national de la recherche scientifique$c1982
=300  \\$a270 pages$billustrations
=500  \\$aThe Grand Théâtre de Bordeaux is an opera house in Bordeaux, France, first inaugurated on 17 April 1780. It was in this theatre that the ballet La fille mal gardée premiered in 1789, and where a young Marius Petipa staged some of his first ballets. The theatre was designed by the architect Victor Louis (1731–1800). Louis later designed the galleries surrounding, the gardens of the Palais Royal, and the Théâtre Français in Paris. 
=504  \\$aIncludes bibliographical references.
=590  \\$aactes du colloque tenu les 8, 9 et 10 mai 1980 à Bordeaux à l'occasion du bicentenaire de l'inauguration du Grand-Théâtre
=600  10$aLouis, Victor$d1731-c.1800$927448
=650  \0$aTheater history$1http://www.wikidata.org/entity/Q1061140$94607
=650  \0$aArchitecture$1http://www.wikidata.org/entity/Q12271$93185
=650  \0$aStaging$1http://www.wikidata.org/entity/Q3508687$922118
=651  \0$aBordeaux (France)$1http://www.wikidata.org/entity/Q1479$924219
=710  \\$aCentre national de la recherche scientifique (Paris, France)$1http://www.wikidata.org/entity/Q280413$922083
=942  \\$cBOO
=952  \\$00$10$2ddc$40$6TOP_FR_5_000000000000000$70$8TOP$923375$aORPH$bORPH$cKTS0$d2024-04-09$l0$oTOP FR 5$p20132290$r2024-06-17 00:00:00$w2024-06-17$yBOO
=999  \\$d22055

