=LDR  00935nam a22001937a 4500
=001  22056
=008  240618s1828\\\\||||||||\||||\00|\0\fre\d
=041  \\$afre
=100  \\$aNeuville, A.$4aut$927449
=245  \\$aRevue historique, chronologique et anecdotique du Théâtre de Gand de l'Année 1750 à 1828
=260  \\$aGhent$bMestre$c1828
=300  \\$a[iv]-115 pages$bcardboard binding, marbled cover & spine
=590  \\$aDédiée à M. Van Crombrugghe, Conseillér d'État, Bourgmestre de la ville de Gand
=648  \0$a19th Century (1801-1900)$1http://www.wikidata.org/entity/Q6955$920935
=650  \0$aTheater history$1http://www.wikidata.org/entity/Q1061140$94607
=651  \0$aGhent (Belgium)$1http://www.wikidata.org/entity/Q1296$920924
=942  \\$cBOO
=952  \\$00$10$2ddc$40$6KTS_1_000000000000000_H_06_030$70$8RAR$923376$aORPH$bORPH$cKTS1_H$d2024-06-18$l0$oKTS1 H.06.030$p20143584$r2024-06-18 00:00:00$w2024-06-18$yBOO
=999  \\$d22056

