=LDR  01981acm a2200265   4500
=001  22059
=005  20250925143311.0
=008  140425s1972\\\\\l\|\\|||\\\\\0\i|||mul\d
=024  \\$29790041319834$aISMN
=041  \\$aita$aeng$ager$dspa
=059  \\$asop pf orch elec
=100  \\$4cmp$aNono, Luigi$d1924-1990$1http://www.wikidata.org/entity/Q160451$917010
=245  \\$aComo una ola de fuerza y luz$bper soprano, pianoforte, orchestra e nastro magnetico (1971-1972)
=260  \\$aMilan$bRicordi$c1972
=300  \\$a103 pages$clarge
=520  \\$aLuigi Nono began Como una ola de fuerza y luz (Like a wave of strength and light) as a piece for piano and orchestra in 1971, at the instigation of Maurizio Pollini. While the composition was in progress, Nono learned of the death of a young Chilean revolutionary and recast the work in his memory, with added parts for soprano soloist and tape. The resulting half hour work is clearly a lament, encompassing various expressions of grief, from stunned sorrow to anguish to the fiercest rage. As a kind of requiem, the work is deeply expressive and deeply moving.
=534  \\$aFirst performance in Milan, Teatro alla Scala, 28 June 1972 by the Orchestra del Teatro alla Scala, conductor Claudio Abbado, soprano Slavka Taskova Paoletti, piano Maurizio Pollini, tape made by the RAI phonology studio in Milan, sound technician Maurizio Zuccheri, sound director Luigi Nono
=648  \0$a20th Century (1901-2000)$1http://www.wikidata.org/entity/Q6927$920936
=650  \0$aPiano$1http://www.wikidata.org/entity/Q5994$92127
=650  \0$aSoprano$1http://www.wikidata.org/entity/Q30903$922885
=650  \0$aOrchestra$1http://www.wikidata.org/entity/Q42998$93159
=650  \0$aElectronic music$1http://www.wikidata.org/entity/Q9778$922014
=942  \\$cSCO
=952  \\$00$10$2ddc$40$6SCO_XL_NONO$70$8SCO$923380$aORPH$bORPH$cKTS1_P$d2024-06-20$l1$oSCO XL NONO$p20143599$q2025-05-05$r2024-11-07 12:45:29$s2024-11-07$w2024-06-20$ySCO
=999  \\$d22059

