=LDR  01141nam a2200181 c 4500
=001  22060
=008  030819s2003\\\\gw\ag||\\||||\00|||\ger\d
=020  \\$a3897272342
=041  0\$ager
=100  \\$aKlüppelholz, Werner$1http://www.wikidata.org/entity/Q13231134$d1946-$4aut$918240
=245  10$aÜber Mauricio Kagel
=260  \\$aSaarbrücken$bPfau$c2003
=300  \\$a140 pages
=520  \\$aThe texts collected in this book, previously published in scattered places, contain observations made by the author during his many years of study of Mauricio Kagel's oeuvre: on the semantics, style, poetics, realisation and historical relationships of Kagel's musical, theatrical, filmic and music-literary works.

A documentation of his work from 1991 to 2002 and a discussion about Klüppelholz's relationship to Kagel are published here for the first time. (translated with Deepl.com)
=600  \0$aKagel, Mauricio$d1931-2008$1http://www.wikidata.org/entity/Q178293$916378
=942  \\$cBOO
=952  \\$00$10$2ddc$40$6BIO_KAGE_D$70$8BIO$923381$aORPH$bORPH$cKTS1_P$d2024-05-31$g18.00$l0$oBIO KAGE d$p20143600$r2024-06-20 00:00:00$w2024-06-20$yBOO
=999  \\$d22060

