=LDR  00960ncm a22001937i 4500
=001  22061
=008  210922s2018\\\\fr\mua\|||\\\\\\\\\\fre|c
=020  \\$a9782371660588
=041  \\$afre
=100  1\$aFerrari, Luc$4cmp
=245  10$aPresque Rien n. 1 :$bLe lever du jour au bord de la mer
=260  \\$aParis$bMaison Ona$c2018
=300  \\$a37 pages
=500  \\$aSee also the CD "l'Oeuvre électronique" by Luc Ferrari
=520  \\$a

« Après la disparition totale des sons abstraits, on peut considérer cette pièce comme une diapositive sonore et l'aboutissement de toute une évolution.

Restitution réaliste la plus fidèle possible d'un village de pêcheurs qui se réveille. Première idée du minimalisme. »
Luc Ferrari.
=590  \\$aoeuvre sur support audio
=942  \\$cSCO
=952  \\$00$10$2ddc$40$6SCO_FERR$70$8SCO$923382$aORPH$bORPH$cKTS1_P$d2024-06-20$l1$oSCO FERR$p20143601$q2025-01-04$r2024-07-09 00:00:00$s2024-07-09$w2024-06-20$ySCO
=999  \\$d22061

