=LDR  02078nam a2200229 c 4500
=001  22062
=008  240214r20242012\\\a|||\\||||\00|||\eng\d
=020  \\$a9781119855866
=041  0\$aeng
=100  1\$aHodder, Ian$1http://viaf.org/viaf/88257670$1http://www.wikidata.org/entity/Q556140$d1948-$4aut$927456
=245  10$aEntangled:$bA New Archaeology of the Relationships between Humans and Things
=250  \\$a2nd ed.
=260  \\$aNew Jersey$bBlackwell$c2024
=300  \\$axi-218 pages$bIllustrations
=520  3\$a"This is a substantial revision of the first edition. Perhaps most importantly I have now included a chapter on human to human entanglements and have pulled human relations more into the center of entanglements. This results from my critique of the notion of symmetry between humans and things that has widely been touted in recent years in archaeology and related disciplines but has raised ethical issues with which I concur and discuss in this volume. Another important change is that I have, after further thought, retreated from the notion of 'things-in-themselves' and from the object nature of things. I was wrong in the first edition to argue that things can exist outside their relations. The result is a more fully relational stance. I have also paid greater attention to flows and temporality. The greater focus on relationality is underpinned by a recognition that all things and humans are in flux. Change through time undermines notions of the fixed spatial extension of things. There is thus greater attention paid to the forces that generate flows, and an overall shift from being to becoming."
=534  \\$aFirst edition in 2012
=650  \0$aArcheology$1http://www.wikidata.org/entity/Q23498$94082
=650  \0$aMaterial culture$1http://www.wikidata.org/entity/Q2143054$921735
=650  \0$aPhenomenology$1http://www.wikidata.org/entity/Q179235$920894
=942  \\$cBOO
=952  \\$00$10$2ddc$40$6HUM_HODD$70$8HUM$923383$aORPH$bORPH$cKM12_1$d2024-05-06$l1$oHUM HODD$p20143602$q2024-12-27$r2024-07-02 00:00:00$s2024-07-02$w2024-06-20$yBOO
=999  \\$d22062

