=LDR  01098ncm a22002177a 4500
=001  22065
=008  240621s1840\\\\|||||p||\||||\00|\0\fre\d
=059  \\$apf
=100  \\$aBurgmüller, Friedrich$d1806-1874$1http://www.wikidata.org/entity/Q62075$4aut$4cmp$94841
=245  \\$aÉcole primaire du jeune pianiste.$bMéthode élémentaire, théorique et pratique du piano en trois parties
=260  \\$aMainz$bSchott
=300  \\$a3 vols in 1 (25-vi-25 pages)
=500  \\$aincolmplete, all pagination mixed up
=648  \0$a19th Century (1801-1900)$1http://www.wikidata.org/entity/Q6955$920935
=650  \0$aMethod$1http://www.wikidata.org/entity/Q2250960$921402
=650  \0$aKeyboard music$1http://www.wikidata.org/entity/Q105715630$921412
=650  \0$aPiano$1http://www.wikidata.org/entity/Q5994$92127
=856  \\$uhttps://www.digitale-sammlungen.de/en/view/bsb00124033?page=2,3$3Bavarian State Library
=942  \\$cSCO
=952  \\$00$10$2ddc$40$6KTS_1_000000000000000_H_06_051$70$8RAR$923386$aORPH$bORPH$cKTS1_H$d2024-06-21$l0$oKTS1 H.06.051$p20143608$r2024-06-21 00:00:00$w2024-06-21$ySCO
=999  \\$d22065

