=LDR  02204nam a2200217 cb4500
=001  22066
=008  210120s2020\\\\it\a|||\\||||\00|||\ita\d
=020  \\$a9788855430487
=041  0\$aita
=100  1\$aPrefumo, Danilo$d1953-$4aut$927461
=245  10$aPaganini:$bla vita, le opere, il suo tempo
=260  \\$aLucca$bLibreria musicale italiana$c2020
=300  \\$axx-368 pages$billustrations$c24 cm
=490  \\$aProfili$v1
=500  \\$aIncludes bibliographical references (pages 343-357) and index
=520  \\$aNiccolò Paganini (Genoa, 1782 - Nice, 1840) was one of the absolute protagonists of 19th-century European music, a symbol of Romantic instrumental virtuosity, a daring renewer of violin technique, a skilful guitarist and a prolific composer. Trained in his hometown and essentially self-taught, he first made his name in Italy and then, starting in 1828, throughout Europe, during a memorable tour that ended in 1834 after having toured the main musical centres of Austria, Bohemia, Poland, Germany, France, Great Britain and Belgium. Freeing him at last from the incrustations of almost always unfounded inferences and rumours that made Paganini a mysterious and bewildering character, the volume gives in the first part a clear biographical profile based on the most recent historical research. This is followed by a wide-ranging and detailed analysis of all his works, conducted with the declared intention of contextualising Paganini's technique and musical style within his own era, noting the multiple, and often ignored, relationships that bound him to violinist-composers of the past (above all Locatelli and Lolli) and present, and in particular to the great masters of the French school contemporary to him: Giovanni Battista Viotti, Pierre Rode and Rodolphe Kreutzer. (Translated with DeepL.com)
=600  \0$aPaganini, Niccolò$d1782-1840$1http://www.wikidata.org/entity/Q66075$923036
=700  \\$aDellaborra, Mariateresa$1http://www.wikidata.org/entity/Q112156015$4win$914965
=942  \\$cBOO
=952  \\$00$10$2ddc$40$6BIO_PAGA_D$70$8BIO$923387$aORPH$bORPH$cKTS1_P$d2024-06-04$g32.00$l1$oBIO PAGA d$p20143612$q2024-07-04$r2024-07-02 00:00:00$s2024-07-02$w2024-06-24$yBOO
=999  \\$d22066

