=LDR  02484cam a2200241 i 4500
=001  22067
=008  170317s2018\\\\nyuag\\\\b\\\\001\0\eng\\
=020  \\$a9780190226992
=041  \\$aeng
=245  04$aThe Oxford Handbook of Algorithmic Music
=260  \\$aNew York, NY$bOxford University Press$c2018
=300  \\$axi-694 pages$billustrations, music$c26 cm
=490  \\$aOxford handbooks
=504  \\$aIncludes bibliographical references and index.
=520  \\$aAlgorithmic music appears to be at a turning point in its history, with many new systems and communities of practice developing together, as vibrant musical culture. This handbook brings together dozens of leading researchers and practitioners in the field, blending technical, artistic, cultural and scientific viewpoints into a whole that considers the making of algorithmic music as a rich, and essentially human activity. The book is organised into four sections, the first grounding the topic in the history, philosophy and psychology of algorithmic music. The second section asks 'what can algorithms in music do?', finding answers in computer science, mathematics, machine learning, bio-inspired computation, manipulation of pattern, computational creativity, and live coding. The third section focuses on the music maker, and the role of algorithms in supporting network music, sonification, music interface design, music in computer games, and spatialisation. The final section opens out to culture at large, and considers algorithmic music in terms of its audience reception, sociology, education, politics and the potential for mass consumption. Perhaps just as importantly, these sections are interleaved with reflective pieces from leading practitioners in the field, allowing us to to grasp the pragmatics of making music with algorithms. Combined, these diverse standpoints provide an absorbing, authoritative survey of research and practice from across the algorithmic music field.
=650  \0$aComputer science$1http://www.wikidata.org/entity/Q21198$92375
=650  \0$aComposing$1http://www.wikidata.org/entity/Q92186587$93076
=650  \0$aHistory$1http://www.wikidata.org/entity/Q309$921403
=700  1\$aMcLean, Alex$d1975-$1https://isni.org/isni/0000000370667022$4edt$927046
=700  1\$aDean, R. T.$4edt$927462
=942  \\$cBOO
=952  \\$00$10$2ddc$40$6SCI_MCLE$70$8SCI$923388$aORPH$bORPH$cKM12_1$d2024-05-31$l1$m3$oSCI MCLE$p20143613$r2025-05-05 17:01:58$s2024-07-16$w2024-06-24$yBOO
=999  \\$d22067

