=LDR  00793nam a22001938c 4500
=001  22074
=008  010327s2001\\\\\\\gl||\\m|||\00|||\ger\d
=020  \\$a389727101X
=041  0\$ager
=100  1\$aMelkert, Hella$4aut$927466
=245  10$a"Far del silenzio cristallo"$bLuigi Nono: Chorkompositionen im Rahmen des "Prometeo"
=260  \\$aSaarbrücken$bPfau$c2001
=300  \\$a201 pages$bmusic examples
=502  \\$bDissertation$cUniversität Köln$d1999
=600  \0$aNono, Luigi$d1924-1990$1http://www.wikidata.org/entity/Q160451$917010
=650  00$aChoral music$1http://www.wikidata.org/entity/Q1076513$94368
=942  \\$cBOO
=952  \\$00$10$2ddc$40$6BIO_NONO_E$70$8BIO$923396$aORPH$bORPH$cKTS1_P$d2024-06-24$l1$oBIO NONO e$p20143621$r2024-09-16 00:00:00$s2024-07-02$w2024-06-24$yBOO
=999  \\$d22074

