=LDR  01465nam a22002417a 4500
=001  22088
=008  240625s1985\\\\||||||||\||||\10|\0\ger\d
=041  \\$ager
=100  \\$aThom, Eitelfriedrich$1http://www.wikidata.org/entity/Q1321214$4edt$920417
=245  \\$aBericht über das 5. Symposium zu Fragen des Orgelbaus im 17./18. Jahrhundert, Michaelstein 9./10. November 1984
=260  \\$aBlankenburg$bMichaelstein$c1985
=300  \\$a100 pages
=490  \\$aBeiheft zu den Studien zur Aufführungspraxis und Interpretation von Musik des 18. Jahrhunderts
=500  \\$aConsists of a volume with articles and a separate volume with illustrations and music examples
=648  \0$a17th Century (1601-1700)$1http://www.wikidata.org/entity/Q7016$920923
=648  \0$a18th Century (1701-1800)$1http://www.wikidata.org/entity/Q7015$920899
=650  \0$aOrgan$1http://www.wikidata.org/entity/Q1444$92810
=650  \0$aConservation and restoration$1http://www.wikidata.org/entity/Q217102$922845
=651  \0$aGermany$1http://www.wikidata.org/entity/Q183$9155
=942  \\$cBOO
=952  \\$00$10$2ddc$3textbook$40$6INS_3_000000000000000_1B_DE$70$8INS$923412$aORPH$bORPH$cKTS0$d2024-06-25$l0$oINS3.1b DE$p20143630$r2024-06-25 00:00:00$w2024-06-25$yBOO
=952  \\$00$10$2ddc$3Anhang (Illustrations and music examples)$40$6INS_3_000000000000000_1B_DE$70$8INS$923414$aORPH$bORPH$cKTS0$d2024-06-25$eKoopman$l0$oINS3.1b DE$p20143633$r2024-06-25 00:00:00$w2024-06-25$yBOO
=999  \\$d22088

