=LDR  00736nam a22001817a 4500
=001  22093
=008  240626b1993\\\\|||o||||\||||\00|\0\dut\d
=041  \\$adut
=100  \\$aSeijbel, Maarten$4aut$916973
=245  \\$aHet Orgel in de Hervormde Kerk te Sexbierum
=260  \\$aElburg$bStichting tot behoude van het Nederlandse Orgel
=300  \\$a24 pages
=490  \\$aPublicatie nr. 39
=650  \0$aOrgan$1http://www.wikidata.org/entity/Q1444$92810
=651  \0$aFriesland (Netherlands)$1http://www.wikidata.org/entity/Q770$921961
=942  \\$cBOO
=952  \\$00$10$2ddc$40$6INS_3_000000000000000_1E_NL_SEX$70$8INS$923418$aORPH$bORPH$cKTS0$d2024-06-26$eKoopman$i29D18$l0$oINS 3.1e NL.SEX$p20130838$r2024-06-26 00:00:00$w2024-06-26$yBOO
=999  \\$d22093

