=LDR  00915nam a22001817a 4500
=001  22096
=008  240626s1984\\\\|||f||||\||||\00|\0\ita\d
=041  \\$aita
=245  \\$aChiesa S. Andrea in Riva, Treviso. Restauro dell'organo attribuito a Gaetano Callido sec. XVIII
=260  \\$aTreviso$c1984
=300  \\$a11 pages
=500  \\$aContains the programs for the 4 inaugural recitals in april and may of 1984, by Ton Koopman, Harald Vogel, Brett Leighton and Jean-Claude Zehnder
=650  \0$aOrgan$1http://www.wikidata.org/entity/Q1444$92810
=650  \0$aConservation and restoration$1http://www.wikidata.org/entity/Q217102$922845
=651  \0$aTreviso (Italy)$1http://www.wikidata.org/entity/Q5475$924410
=942  \\$cBOO
=952  \\$00$10$2ddc$40$6INS_3_000000000000000_1E_IT_TRE2$70$8INS$923427$aORPH$bORPH$cKTS0$d2024-06-26$eKoopman$i30C09$l0$oINS3.1e IT.TRE2$p20130864$r2024-06-26 00:00:00$w2024-06-26$yBOO
=999  \\$d22096

