=LDR  01029nam a22002297a 4500
=001  22098
=008  240627t2002\\\\|||o||||\||||\00|\0\ger\d
=041  \\$ager$aeng$aita$aslv
=100  \\$aSchröer, Franz$4aut$927494
=245  \\$aPropstei- und Wallfahrtskirche Maria Saal
=246  \1$aDie Kirchenburg in Maria Saal, Kärnten
=260  \\$aRied im Innkreis$bHofstetter$c2002
=300  \\$a34 pages
=500  \\$aA description (in four languages) of the church and its artworks (in Ton Koopman's collection for the part about the organ). 
=650  \0$aOrgan$1http://www.wikidata.org/entity/Q1444$92810
=650  \0$aChurch$1http://www.wikidata.org/entity/Q16970$93776
=651  \0$aAustria$1http://www.wikidata.org/entity/Q40$9202
=700  \\$aPiwonka, Johannes$4aut$927495
=700  \\$aOberer, Michael$4pht$927496
=942  \\$cBOO
=952  \\$00$10$2ddc$40$6INS_3_000000000000000_1E_AT_MAR$70$8INS$923429$aORPH$bORPH$cKTS0$d2024-06-27$eKoopman$i30C09$l0$oINS3.1e AT.MAR$p20130865$r2024-06-27 00:00:00$w2024-06-27$yBOO
=999  \\$d22098

