=LDR  01169nam a22002297a 4500
=001  22099
=008  240627s2003\\\\|||a||||\||||\00|\0\dut\d
=041  \\$adut
=100  \\$aVarious$94793
=245  \\$aDe Grote Kerk van Oosthuizen, $bopnieuw oogverblindend en oorstrelend
=260  \\$aLeiden$bStichting Oude Hollandse Kerken$c2003
=300  \\$a63 pages
=490  \\$aStichting Oude Hollandse Kerken Bulletin $v57
=500  \\$aContains articles about the church, its restoration, its artworks and monuments, and the restoration of the organ: one of the eldest historical organ in the Netherlands.
=650  \0$aChurch$1http://www.wikidata.org/entity/Q16970$93776
=650  \0$aOrgan$1http://www.wikidata.org/entity/Q1444$92810
=650  \0$aConservation and restoration$1http://www.wikidata.org/entity/Q217102$922845
=651  \0$aOosthuizen (Netherlands)$1http://www.wikidata.org/entity/Q2504814$927497
=700  \\$aDiepenhorst, Wim$d1971-$4ctb$919876
=942  \\$cBOO
=952  \\$00$10$2ddc$40$6INS_3_000000000000000_1E_NL_OOS2$70$8INS$923430$aORPH$bORPH$cKTS0$d2024-06-27$eKoopman$i30C09$l0$oINS3.1e NL.OOS2$p20130867$r2024-06-27 00:00:00$w2024-06-27$yBOO
=999  \\$d22099

