=LDR  00800nam a22001817a 4500
=001  22100
=008  240627s2000\\\\|||a||||\||||\00|\0\fre\d
=041  \\$afre
=100  \\$aVarious$94793
=245  \\$aBasilique Saint-Remi de Reims, L'orgue Cattiaux de l'an 2000
=260  \\$aReims$bAssociation Renaissance des Grandes Orgues de la Basilique Sinat-Remi de Reims$c2000
=300  \\$a48 pages
=650  \0$aChurch$1http://www.wikidata.org/entity/Q16970$93776
=650  \0$aOrgan$1http://www.wikidata.org/entity/Q1444$92810
=651  \0$aReims (France)$1http://www.wikidata.org/entity/Q41876$923193
=942  \\$cBOO
=952  \\$00$10$2ddc$40$6INS_3_000000000000000_1E_FR_REI$70$8INS$923431$aORPH$bORPH$cKTS0$d2024-06-27$eKoopman$i30C09$l0$oINS3.1e FR.REI$p20130868$r2024-06-27 00:00:00$w2024-06-27$yBOO
=999  \\$d22100

