=LDR  00978nam a22002057a 4500
=001  22101
=008  240627s1984\\\\|||a||||\||||\00|\0\dut\d
=041  \\$adut
=245  \\$aChristian Müller Orgel Waalse Kerk, Amsterdam
=260  \\$aAmsterdam$bOrgelcomité Waalse Kerk$c1984
=300  \\$a16 pages
=600  \0$aMüller, Christian$d1690-1763$1http://www.wikidata.org/entity/Q82868$924039
=610  \0$aWaalse Kerk (Amsterdam, Netherlands)$1http://www.wikidata.org/entity/Q2410708$924809
=650  \0$aOrgan$1http://www.wikidata.org/entity/Q1444$92810
=651  \0$aAmsterdam (Netherlands)$1http://www.wikidata.org/entity/Q727$9135
=700  \\$aNieuwkoop, H. van$4ctb$912993
=700  \\$aLeonhardt, Gustav$d1928-2012$1http://www.wikidata.org/entity/Q51584$4ctb$917151
=942  \\$cBOO
=952  \\$00$10$2ddc$40$6INS_3_000000000000000_1E_NL_AMS$70$8INS$923432$aORPH$bORPH$cKTS0$d2024-06-27$eKoopman$i30C09$l0$oINS3.1e NL.AMS$p20130869$r2024-06-27 00:00:00$w2024-06-27$yBOO
=999  \\$d22101

