=LDR  00909nam a22001937a 4500
=001  22104
=008  240627b\\\\\\\\|||a||||\||||\00|\0\ger\d
=041  \\$ager
=100  \\$aBreuer, Hans-Jürgen$4aut$927499
=245  \\$aOrgel 1684,$bein kulturhistorisches Projekt in der Deutschen St. Gertruds Kirche in Stockholm
=260  \\$aStockholm$bDeutsche St. Gertruds Gemeinde Stockholm$c2003?
=300  \\$a4 pages
=650  \0$aChurch$1http://www.wikidata.org/entity/Q16970$93776
=650  \0$aOrgan$1http://www.wikidata.org/entity/Q1444$92810
=650  \0$aConservation and restoration$1http://www.wikidata.org/entity/Q217102$922845
=651  \0$aStockholm (Sweden)$1http://www.wikidata.org/entity/Q1754$924507
=942  \\$cBOO
=952  \\$00$10$2ddc$40$6INS_3_100000000000000_SE_STO$70$8INS$923435$aORPH$bORPH$cKTS0$d2024-06-27$eKoopman$i30C09$l0$oINS3.1 SE.STO$p20130873$r2024-06-27 00:00:00$w2024-06-27$yBOO
=999  \\$d22104

