=LDR  01039nam a22002177a 4500
=001  22112
=008  240627s1984\\\\|||a||||\||||\00|\0\ger\d
=041  \\$ager
=245  \\$aNeue Orgel in der Alten Kirche.$bErläuterungen zur Führer-Orgel in der Kirche an der Leither Straße in Essen-Kray  
=260  \\$aEssen$bPresbyterium der Evangelischen Kirchengemeinde Essen-Kray$c1984
=300  \\$a36 pages
=500  \\$aEssen-Kray is an Eastern part of the city of Essen (Nordrhein-Westfalen).
=650  \0$aOrgan$1http://www.wikidata.org/entity/Q1444$92810
=650  \0$aChurch$1http://www.wikidata.org/entity/Q16970$93776
=651  \0$aEssen (Germany)$1http://www.wikidata.org/entity/Q2066$923646
=700  \\$aSchild, Fritz$4ctb$927511
=700  \\$aGraßt, Heiner$d1954-$4ctb$927512
=700  \\$aStrüngmann, Heinrich$4ctb$927513
=942  \\$cBOO
=952  \\$00$10$2ddc$40$6INS_3_000000000000000_1E_DE_ESS$70$8INS$923443$aORPH$bORPH$cKTS0$d2024-06-27$eKoopman$i28E27$l0$oINS3.1e DE.ESS$p20130787$r2024-06-27 00:00:00$w2024-06-27$yBOO
=999  \\$d22112

