=LDR  02949acm a2200205   4500
=001  22123
=005  20250120120605.0
=008  140425s1950\\\\\\\\\\\\\\\\\\\\\\0\mul\d
=020  \\$a9790041339436
=041  \\$aita$aeng$ager
=059  \\$aorch
=100  \\$4cmp$aNono, Luigi$d1924-1990$1http://www.wikidata.org/entity/Q160451$917010
=245  \\$aVariazioni canoniche:$bsulla serie dell'op. 41 di Arnold Schoenberg (1950)
=260  \\$aMilan$bRicordi$c1950
=300  \\$a50 pages
=520  \\$a Nono made his debut at the Ferienkurse in Darmstadt in 1950 with his work No. 1, the Canonical Variations on Arnold Schoenberg's Op. 41. The long piece for orchestra of strings, percussion and wind enriched by the particular timbre of the soprano saxophone, whose 'narrative' tone in many places recalls the Sprechgesang from Schoenberg's Ode to Napoleon, is divided into four distinct sections: Largo veramente, Andante moderato, Allegro violento, Lento. The Schoenbergian series is presented in its entirety only in the final movement (bars 244 ff.) where the saxophone articulates a long recitative over a string counterpoint based on the transposed inversion of the series. Apart from this episode Nono uses only fragments of the series which, having become semantic units in their own right, give rise to autonomous figurations. But above all, the salient feature of this series, namely the regular alternation of only two intervals - the minor second and the major third - and the many possibilities of forming major and minor triads, is not taken into account by Nono. Rather, he works on the expressive characters of the original, translating the layers of meaning created by Schoenberg into his own semanticity. For example, the opening movement Largo vagamente, with its micro-melodies that creep in, struggling to form a true musical fabric, recalls the severe beginning of the Ode. 
The third movement Allegro violento reproposes through the disturbing presence of the percussion the theme of war and the triumph of irrational brutality.

However, there is one fundamental aspect of the Ode to Napoleon that is preserved and enhanced by Nono: the technique of variation. In this central work of Schoenberg's last phase, the rigorous serial décors give way to the principle of 'evolving variation' that the Viennese musician had studied in Brahms and Mahler: the main motifs consist of intervallic cells marked by certain general characteristics but open to continuous modification. Nono uses this principle to construct canonic plots that can sometimes also involve minor elements such as a colour, a trill, a rhythmic structure regardless of pitches. (Translated with Deepl.com)
=650  \0$aOrchestral music$1http://www.wikidata.org/entity/Q3328774$924356
=942  \\$cSCO
=952  \\$00$10$2ddc$40$6SCO_XL_NONO$70$8SCO$923456$aORPH$bORPH$cKTS1_P$d2024-07-01$l1$oSCO XL NONO$p20143648$r2024-09-16 00:00:00$s2024-07-02$w2024-07-01$ySCO
=999  \\$d22123

