=LDR  01057nam a22002297a 4500
=001  22135
=008  240708s1959\\\\|||a||||\||||\00|\0\ger\d
=041  \\$ager
=100  \\$aKlaus, P. GR. $4aut$927538
=245  \\$aDie große Orgel zu Weingarten
=250  \\$a3rd ed.
=260  \\$aWeingarten$bBenediktinerabtei Weingarten$c1959
=300  \\$a6 pages
=590  \\$aDie Grosse Orgel in der Basilika der Benediktinerabtei zu Weingarten (Württ.) erbaut 1737-1750 von Josef Gabler
=648  \0$a18th Century (1701-1800)$1http://www.wikidata.org/entity/Q7015$920899
=650  \0$aOrgan$1http://www.wikidata.org/entity/Q1444$92810
=650  \0$aChurch$1http://www.wikidata.org/entity/Q16970$93776
=650  \0$aMonastery$1http://www.wikidata.org/entity/Q44613$926216
=651  \0$aWeingarten (Germany)$1http://www.wikidata.org/entity/Q572427$924101
=942  \\$cBOO
=952  \\$00$10$2ddc$40$6INS_3_000000000000000_1E_DE_WEI1$70$8INS$923475$aORPH$bORPH$cKTS0$d2024-07-08$eKoopman$i28E27$l0$oINS3.1e DE.WEI1$p20143666$r2024-07-08 00:00:00$w2024-07-08$yBOO
=999  \\$d22135

