=LDR  01192nam a22002297a 4500
=001  22137
=008  240627s1981\\\\|||a||||\||||\00|\0\ger\d
=041  \\$ager
=100  \\$aReuter, Rudolf$d1920-1983$4aut$914694
=245  \\$aHistorische Orgeln im Münsterland
=260  \\$aMünster$bWestfälischer Heimatbund$c1981
=300  \\$a34 pages
=490  \\$aWestfälische Kunststätten$v17
=500  \\$aAbout organs in Acheberg, Borken, Cappenberg, Drensteinfurt, Ennigerloh, Gronau, Hörstel-Dreierwalde, Hopsten, Marienfeld, Münster, Nottuln, Senden, Steinfurt, Südlohn, Telgtem Vreden-Zwillbrock.
=650  \0$aOrgan$1http://www.wikidata.org/entity/Q1444$92810
=650  \0$aChurch$1http://www.wikidata.org/entity/Q16970$93776
=651  \0$aWestphalia (Germany)$1http://www.wikidata.org/entity/Q8614$923235
=651  \0$aNorth Rhine-Westphalia (Germany)$1http://www.wikidata.org/entity/Q1198$923645
=651  \0$aMünster (Germany)$1http://www.wikidata.org/entity/Q2742$925918
=942  \\$cBOO
=952  \\$00$10$2ddc$40$6INS_3_000000000000000_1A_DE_WES2$70$8INS$923477$aORPH$bORPH$cKTS0$d2024-07-08$eKoopman$i28E27$l0$oINS3.1a DE.WES2$p20130794$r2024-07-08 00:00:00$w2024-07-08$yBOO
=999  \\$d22137

