=LDR  00958nam a22002177a 4500
=001  22138
=008  240627s1982\\\\|||a||||\||||\00|\0\ger\d
=041  \\$ager
=100  \\$aReuter, Rudolf$d1920-1983$4aut$914694
=245  \\$aHistorische Orgeln im Kreis Olpe
=260  \\$aMünster$bWestfälischer Heimatbund$c1982
=300  \\$a22 pages
=490  \\$aWestfälische Kunststätten$v22
=500  \\$aAbout organs in Olpe, Kirchhundem, Lennestadt.
=650  \0$aOrgan$1http://www.wikidata.org/entity/Q1444$92810
=650  \0$aChurch$1http://www.wikidata.org/entity/Q16970$93776
=651  \0$aWestphalia (Germany)$1http://www.wikidata.org/entity/Q8614$923235
=651  \0$aNorth Rhine-Westphalia (Germany)$1http://www.wikidata.org/entity/Q1198$923645
=942  \\$cBOO
=952  \\$00$10$2ddc$40$6INS_3_000000000000000_1A_DE_WES2$70$8INS$923478$aORPH$bORPH$cKTS0$d2024-07-08$eKoopman$i28E27$l0$oINS3.1a DE.WES2$p20130796$r2024-07-08 00:00:00$w2024-07-08$yBOO
=999  \\$d22138

