=LDR  00997nam a22001937a 4500
=001  22140
=008  240708s1986\\\\|||a||||\||||\00|\0\ger\d
=041  \\$ager
=100  \\$aTheobald, Hans-Wolfgang$1http://www.wikidata.org/entity/Q33184170$4aut$923840
=245  \\$aEvangelische Kirchengemeinde Kleinich.$bEinweihung der restaurierten Stumm-Orgel in der Evangelischen Kirche zu Kleinich am Sonntag, dem 8. Juni 1986, um 14.30 Uhr
=260  \\$aKleinich$bEvangelische Kirchengemeinde Kleinich$c1986
=300  \\$a9 pages
=600  \0$aStumm family$926103
=648  \0$a18th Century (1701-1800)$1http://www.wikidata.org/entity/Q7015$920899
=650  \0$aOrgan$1http://www.wikidata.org/entity/Q1444$92810
=651  \0$aRhineland-Palatinate (Germany)$1http://www.wikidata.org/entity/Q1200$922804
=942  \\$cBOO
=952  \\$00$10$2ddc$40$6INS_3_000000000000000_1E_DE_KLE$70$8INS$923480$aORPH$bORPH$cKTS0$d2024-07-08$eKoopman$i28E27$l0$oINS3.1e DE.KLE$p20130791$r2024-07-08 00:00:00$w2024-07-08$yBOO
=999  \\$d22140

