=LDR  01067nam a22002057a 4500
=001  22143
=008  240708s1973\\\\|||a||||\||||\00|\0\ger\d
=041  \\$ager
=245  \\$aSt. Marien-Kirche zu Neuenkirche: Einweihung der restaurierten Denkmalorgel 1662-1973.$bSonntag Oculi, den 25. März 1973
=260  \\$aNeuenkirchen$c1973
=300  \\$a12 pages
=500  \\$aContains notes by Ton Koopman with pieces he played there and the organ stops he used. 
=648  \0$a17th Century (1601-1700)$1http://www.wikidata.org/entity/Q7016$920923
=650  \0$aOrgan$1http://www.wikidata.org/entity/Q1444$92810
=650  \0$aOrgan stop$1http://www.wikidata.org/entity/Q1446290$93297
=651  \0$aNorth Rhine-Westphalia (Germany)$1http://www.wikidata.org/entity/Q1198$923645
=700  \\$aWinter, Helmut$d1926-1983$1http://www.wikidata.org/entity/Q21039228$4ctb$927508
=942  \\$cBOO
=952  \\$00$10$2ddc$40$6INS_3_000000000000000_1E_DE_NEU$70$8INS$923483$aORPH$bORPH$cKTS0$d2024-07-08$eKoopman$i28E27$l0$oINS3.1e DE.NEU$p20130795$r2024-07-08 00:00:00$w2024-07-08$yBOO
=999  \\$d22143

