=LDR  01070nam a22002297a 4500
=001  22144
=008  240708s1959\\\\|||a||||\||||\00|\0\ger\d
=041  \\$ager
=100  \\$aWörsching, Josef$d1901-1951$1http://www.wikidata.org/entity/Q94921282$4aut$927540
=245  \\$aDie Orgelwerke der Abtei Ottobeuren
=250  \\$a2nd ed.
=260  \\$aMainz$bRheingold$c1959
=300  \\$a24 pages
=600  \0$aRiepp, Karl Joseph$d1710-1775$1http://www.wikidata.org/entity/Q97862$924016
=648  \0$a18th Century (1701-1800)$1http://www.wikidata.org/entity/Q7015$920899
=650  \0$aOrgan$1http://www.wikidata.org/entity/Q1444$92810
=650  \0$aMonastery$1http://www.wikidata.org/entity/Q44613$926216
=651  \0$aOttobeuren (Germany)$1http://www.wikidata.org/entity/Q532455$924014
=700  \\$aSmets, Paul$1http://www.wikidata.org/entity/Q19298320$4edt$920269
=942  \\$cBOO
=952  \\$00$10$2ddc$40$6INS_3_000000000000000_1E_DE_OTT$70$8INS$923484$aORPH$bORPH$cKTS0$d2024-07-08$eKoopman$i28E27$l0$oINS3.1e DE.OTT$p20130797$r2024-07-08 00:00:00$w2024-07-08$yBOO
=999  \\$d22144

