=LDR  01147nam a22002297a 4500
=001  22145
=008  220228s1989\\\\\\\a||||\||||\00|\0\ger\d
=041  \\$ager
=245  \\$aEvangelische Kirchengemeinde Rhaunen: Die Johann Michael Stumm-Orgel von 1723 
=250  \\$a2nd ed. 
=260  \\$aRhaunen$bEv. Kirchengemeinde Rhaunen$c1989
=300  \\$a23 pages
=500  \\$aThis is an improved and enlarged edition of the Festschrift zur Einweihung der restaurierten Johann Michael Stumm-Orgel from 1979, also in this collection. 
=590  \\$aam Sonntag dem 14. Januar 1979 um 14.00 Uhr
=600  \0$aStumm family$926103
=648  \0$a18th Century (1701-1800)$1http://www.wikidata.org/entity/Q7015$920899
=650  \0$aOrgan$1http://www.wikidata.org/entity/Q1444$92810
=651  \0$aRhineland-Palatinate (Germany)$1http://www.wikidata.org/entity/Q1200$922804
=700  \\$aEppelsheim, Jürgen$1http://www.wikidata.org/entity/Q93068839$4ctb$910759
=942  \\$cBOO
=952  \\$00$10$2ddc$40$6INS_3_000000000000000_1E_DE_RHA$70$8INS$923485$aORPH$bORPH$cKTS0$d2024-07-08$i28E27$l0$oINS3.1e DE.RHA$p20130798$r2024-07-08 00:00:00$w2024-07-08$yBOO
=999  \\$d22145

