=LDR  06921cjm a22005657a 4500
=001  22146
=005  20250925143311.0
=008  140422p20101948gw\mun|\\i\\\\\\\\|\ger\d
=010  \\$a  2014618030
=024  1\$a675754029043
=024  3\$a4260063110603$c(set)
=024  3\$a4260063110610$c(CD 1)
=024  3\$a4260063110627$c(CD 2)
=024  3\$a4260063110634$c(CD 3)
=024  3\$a4260063110641$c(CD 4)
=024  3\$a4260063110658$c(CD 5)
=024  3\$a4260063110665$c(CD 6)
=028  00$aNEOS 11060$bNEOS
=028  00$aNEOS 11061$bNEOS
=028  00$aNEOS 11062$bNEOS
=028  00$aNEOS 11063$bNEOS
=028  00$aNEOS 11064$bNEOS
=028  00$aNEOS 11065$bNEOS
=028  00$aNEOS 11066$bNEOS
=041  0\$dger$deng$dita
=245  00$aComposers-Conductors:$hComposers conducting their own works
=260  \\$aMunich$bNEOS$c2010
=300  \\$a6 CDs
=490  \\$aDarmstadt Aural Documents$vBox 1
=500  \\$aNEOS: NEOS 11060 (container); NEOS 11061--NEOS 11066 (individual CDs).
=500  \\$aDistributor statement and UPC from label affixed to shrink wrap.
=500  \\$aIn six containers, the whole issued in a cardboard sleeve.
=500  \\$aHistorical and program notes by Thomas Schäfer, Stefan Fricke, and Michael Rebhahn in German with English, French and Spanish translations (49 p. : ill.) inserted in container.
=505  0\$aCD 1. Introductory speech by Earle Brown (1:03) -- Available forms I : (1961) / Earle Brown (musikFabrik ; Earle Brown, conductor) (14:00) -- Kammersymphonie für zwölf Instrumente : op. 16 (1946-1948) / René Leibowitz (Kammerorchester des Landestheaters Darmstadt ; René Leibowitz, conductor) (12:39) -- Mitte des Lebens : (1951) / Wolfgang Fortner (Ilona Steingruber, soprano ; Kurt Redel, flute ; Rudolf Kolisch, violin ; Friedrich Wildgans, bass clarinet ; Rudolf Klamand, horn ; Rose Stein, harp ; Wolfgang Fortner, conductor) (12:53) -- Cantata for wartime : op. 95 (1944) / Ernst Krenek (Carla Henius, soprano ; Frankfurt Radio Symphony Orchestra ; Women's Chorus of hr ; Ernst Krenek, conductor) (15:23) -- Concerto per pianoforte e orchestra (1959) / Bruno Maderna (Frankfurt Radio Symphony Orchestra ; Bruno Maderna, conductor) (17:39) --
=505  0\$aCD 2. Kreuzspiel. III. Teil : (1951) / Karlheinz Stockhausen (Alfred Schweinfurter, oboe ; Wolfgang Marx, bass clarinet ; David Tudor, piano ; Christoph Caskel, Heinz Haedler, Manfred Wehner, percussion ; Karlheinz Stockhausen, conductor) (3:31) -- Tasso-Concetti : (1960) / Hans Otte (Jeanne Héricard, soprano ; Severino Gazzelloni, flute ; Alfons Kontarsky, piano ; Christoph Caskel, percussion ; Hans Otte, conductor) (11:35) -- Répons : pour sept musiciens : (1960) / Henri Pousseur (Severino Cazzalloni, flute ; Francis Pierre, harp ; Aloys Kontarsky, piano ; Alfons Kontarsky, harmonium, celesta ; Christoph Caskel, percussion ; Klaus Assmann, violin ; Werner Taube, cello ; Henri Pousseur, conductor) (23:31) -- Konzert Nr. 1 für Oboe und Kammerensemble (1962/1963) / Bruno Maderna (Lothar Faber, oboe ; Internationales Kammerensemble Darmstadt ; Bruno Maderna, conductor) (16:07) -- Sonant : (1960) / Mauricio Kagel (Karl-Heinz Böttner, Spanish guitar, electric guitar ; Dodo Metelmann, harp ; Georg Nothdorf, double bass ; Mauricio Kagel, Siegfried Rockstroh, membraphone instruments ; Mauricio Kagel, conductor) (14:42) --
=505  0\$aCD 3. Dimensioni IV : (1964) / Bruno Maderna (Severino Gazzelloni, flute ; Internationales Kammerensemble Darmstadt ; Bruno Maderna, conductor) (20:18) -- Doubles : (1957-1958) / Pierre Boulez (Het Residentie Orkest ; Pierre Boulez, conductor) (11:06) -- Sonoriferous loops : op. 32 (1965) / Herbert Brün (Eberhard Blum, flute ; Pierre Pollin, trumpet ; Jacques Cazauran, double bass ; Heinz Haedler, Rolf Rossmann, percussion ; Herbert Brün, conductor) (14:34) -- Drei Sätze für Kammerensemble (1968) / András Mihály (Ungarisches Kammerensemble Budapest ; András Mihály, conductor) (11:51) -- Konzert Nr. 2 für Oboe und Orchester (1967) / Bruno Maderna (Lothar Faber, oboe ; Het Residentie Orkest ; Bruno Maderna, conductor) (12:31) --
=505  0\$aCD 4. 1898 : (1972-1973) / Mauricio Kagel (Hans Deinzer, clarinet ; Adam Bauer, trumpet ; Kurt Schwertsik, horn ; Armin Rosin, trombone ; Robert Tucci, tuba ; Brigitte Sylvestre, harp ; Aloys Kontarsky, piano ; Christoph Caskel, percussion ; Saschko Gawriloff, violin ; Siegfried Palm, cello ; Georg Nothdorf, double bass ; Mauricio Kagel, conductor) (46:43) -- Continuo : (1974) / Ernstalbrecht Stiebler (Hans Deinzer, clarinet ; Klaus Thunemann, bassoon ; Kurt Schwertsik, horn ; Armin Rosin, trombone ; Hubert Meyer, viola ; Gaby Schumacher, cello ; Ernstalbrecht Stiebler, conductor) (11:53) --
=505  0\$aCD 5. Kammerkonzert : (1973) / Manfred Trojahn (Carol Redman, flute ; Maren Diestel, alto flute ; Roland Diry, clarinet ; Heribert Haase, bass clarinet ; Weronika Szraiber-Knittel, violin ; Friedrich Gauwerky, cello ; Yoma Appenheimer, harpsichord ; David Arden, piano ; Manfred Trojahn, conductor) (13:12) -- The Mado songs : (1988) / Carmen Maria Cârneci (Brigitta Schork, alto ; Mateja Haller, flute in G ; Andrew Malcolm, English horn ; Walter Ifrim, bass clarinet ; Christian Dierstein, vibraphone, marimba ; Carmen Maria Cârneci, conductor) (7:29) -- from fear of thunder, dreams-- : (1987) / Robert HP Platz (Ensemble Köln ; Robert HP Platz, conductor) (13:13) -- Piano concerto no. 3 : (1978) / Michael Finnissy (James Clapperton, piano ; Ixion Ensemble ; Michael Finnissy, conductor) (25:04) --
=505  0\$aCD 6. à un moment de terre perdu : (1990) / Beat Furrer (Klangforum Wien ; Beat Furrer, conductor) (14:29) -- Orchestrion-Straat : (1995/1996) / Mauricio Kagel (musikFabrik ; Mauricio Kagel, conductor) (23:42) -- Cruxification II : (1999) / Johannes Kalitzke (Berliner Sinfonieorchester ; Johannes Kalitzke, conductor) (24:17) -- innere Spuren : (2002) / Gerhard Müller-Hornbach (Mutare Ensemble ; Gerhard Müller-Hornbach, conductor) (15:47).
=511  0\$aVarious vocal and instrumental soloists, orchestras, and conductors.
=518  \\$aRecorded in performances at the International Summer Courses in New Music, Darmstadt, 1948-2002.
=648  \0$a20th Century (1901-2000)$1http://www.wikidata.org/entity/Q6927$920936
=650  \0$aConductor$1http://www.wikidata.org/entity/Q158852$93134
=650  \0$aOrchestral music$1http://www.wikidata.org/entity/Q3328774$924356
=650  \0$aVocal music$1http://www.wikidata.org/entity/Q685884$93319
=650  \0$aConcerto$1http://www.wikidata.org/entity/Q9748$921817
=651  \0$aDarmstadt (Germany)$1http://www.wikidata.org/entity/Q2973$921595
=942  \\$cREC
=952  \\$00$10$2ddc$40$6REC_CD_MISC_2010_000000000000000$70$8REC$923486$aORPH$bORPH$cKM12_2_B$d2024-07-09$l1$oREC CD MISC 2010$p20143668$q2025-01-04$r2024-07-09 00:00:00$s2024-07-09$w2024-07-09$yREC
=999  \\$d22146

