=LDR  02187cjm a2200361 a 4500
=001  22148
=005  20250925143311.0
=008  170303t20121958gw\vrn|\\defg\\\\\|\eng\d
=010  \\$a  2017618269
=024  1\$a675754042264
=024  3\$a4260063112133
=028  02$aNEOS 11213$bNeos Records
=041  \\$aeng$ager
=100  \\$aCage, John$d1912-1992$1http://www.wikidata.org/entity/Q180727$4cmp$4prf$916600
=245  \\$aJohn Cage:$cCommunication
=260  \\$aMunich$bNEOS$c2012
=300  \\$aCD, 1:02:34
=490  \\$aDarmstadt Aural Documents$vBox 2
=500  \\$aNotes by Stefan Fricke in German with Spanish, English, and French translations (39 p.: ill.) in container.
=505  0\$aCommunication 1 (6:07) -- Communication 2 (11:04) -- For piano with preparations (David Tudor, piano) / Christian Wolff (1:04) -- Communication 3 (7:25) -- Quantitäten (David Tudor, piano) / Bo Nilsson (4:35) -- Communication 4 (6:18) -- Quantitäten (David Tudor, piano) / Bo Nilsson (4:21) -- Communication 5 (1:43) -- Communication 6 (5:48) -- Variations I (John Cage and David Tudor, two pianos and radio sets) / John Cage (8:50).
=508  \\$aProduced by Wulf Weinmann.
=511  0\$aJohn Cage, lectures, piano and radio (last work) ; with David Tudor, piano, radio (last work).
=518  \\$aRecorded at the at the International Ferienkurse für Neue Musik Darmstadt, Sept. 1958, Schloss Heiligenberg, Jugenheim, Germany.
=648  \0$a20th Century (1901-2000)$1http://www.wikidata.org/entity/Q6927$920936
=650  \0$aAleatory music$1http://www.wikidata.org/entity/Q623715$923541
=650  \0$aPiano$1http://www.wikidata.org/entity/Q5994$92127
=651  \0$aDarmstadt (Germany)$1http://www.wikidata.org/entity/Q2973$921595
=700  \\$aTudor, David$d1926-1996$1http://www.wikidata.org/entity/Q1176914$4prf$916066
=700  \\$aWolff, Christian$d1934-$1http://www.wikidata.org/entity/Q658733$4cmp$98023
=700  \\$aNilsson, Bo$4cmp$925070
=942  \\$cREC
=952  \\$00$10$2ddc$40$6REC_CD_CAGE_2012_000000000000000$70$8REC$923488$aORPH$bORPH$cKM12_2_B$d2024-07-09$l1$oREC CD CAGE 2012$p20143669$q2025-01-04$r2024-07-09 00:00:00$s2024-07-09$w2024-07-09$yREC
=999  \\$d22148

