=LDR  01367njm a22002657a 4500
=001  22149
=005  20250925143311.0
=008  240709p20082007||||||||\||||\00|\0\eng\d
=024  \\$2089948444091
=041  \\$aeng
=100  \\$aRzewski, Frederic$d1938-2021$1http://www.wikidata.org/entity/Q1346849$4cmp$4prf$918579
=245  \\$aRzewski Plays Rzewski:$bThe People United will never be Defeated! 36 Variations on ¡El pueblo unido jamás será vencido!
=260  \\$aNew York$bVAI$c2008
=300  \\$aDVD, 1:06:00
=500  \\$aVideo recording from the 2007 Miami International Piano Festival; a rare performance by the composer himself.
=648  \0$a20th Century (1901-2000)$1http://www.wikidata.org/entity/Q6927$920936
=650  \0$aKeyboard music$1http://www.wikidata.org/entity/Q105715630$921412
=650  \0$aPiano$1http://www.wikidata.org/entity/Q5994$92127
=650  \0$aTheme and variations$1http://www.wikidata.org/entity/Q763324$92038
=650  \0$aPolitics$1http://www.wikidata.org/entity/Q7163$921826
=651  \0$aUSA$1http://www.wikidata.org/entity/Q30$943
=651  \0$aChile$1http://www.wikidata.org/entity/Q298$940830
=942  \\$cREC
=952  \\$00$10$2ddc$40$6REC_AV_RZEW_2008_000000000000000$70$8REC$923492$aORPH$bORPH$cKM12_2_B$d2024-07-09$l1$oREC AV RZEW 2008$p20143670$q2025-01-04$r2024-07-09 00:00:00$s2024-07-09$w2024-07-09$yREC
=999  \\$d22149

