=LDR  00799nam a22001697a 4500
=001  22150
=008  240709b\\\\\\\\||||||||\||||\00|\0\ger\d
=245  \\$aMensurtabellen der Holzhey-Orgel in St. Verena, Rot an der Rot
=300  \\$a9 pages
=650  \0$aOrgan$1http://www.wikidata.org/entity/Q1444$92810
=650  \0$aOrgan pipe$1http://www.wikidata.org/entity/Q1510738$93292
=651  \0$aRot an der Rot (Germany)$1http://www.wikidata.org/entity/Q527998$924062
=700  \\$aNaacke, Johannes$4ctb$927542
=700  \\$aTheobald, Hans-Wolfgang$1http://www.wikidata.org/entity/Q33184170$4ctb$923840
=942  \\$cBOO
=952  \\$00$10$2ddc$40$6INS_3_000000000000000_1E_DE_ROT$70$8INS$923493$aORPH$bORPH$cKTS0$d2024-07-09$eKoopman$i28E27$l0$oINS3.1e DE.ROT$p20130802$r2024-07-09 00:00:00$w2024-07-09$yBOO
=999  \\$d22150

