=LDR  02797nam a22002294a 4500
=001  22151
=008  100723s2010\\\\it\\\\\\\\\\\\001\0dita\d
=020  \\$a9788845924972
=041  \\$aita
=100  \\$aBortolotto, Mario$d1927-2017$1http://www.wikidata.org/entity/Q3848362$4aut$925592
=245  10$aCorrispondenze
=260  \\$aMilan$bAdelphi$c2010
=300  \\$a511 pages
=490  0\$aSaggi. Nuova serie$v65
=500  \\$aIncludes index.
=520  \\$aA Mozart far less Apollonian than he is usually portrayed, a tragic and modern Mendelssohn and an elderly Verdi, saturated with vitality and contradictions; a letter to the 'knight Gluck', the interview that Brahms decided to give exclusively to posterity and Hindemith and Strawinsky's fierce criticism of the 'frightening giant' Beethoven: these are just some of the surprises that Mario Bortolotto's new musical breviary has in store for us. From Schubert to Mahler, from Rossini to Wagner, Tchaikovsky and Debussy, none of the great masters are missing from the roll-call, and yet there is also room for lesser explored authors and themes: Cherubini, Auber, Schmidt, the operetta and Alpine choirs already dear to Benedetti Michelangeli, an unpublished Leopardi musical theorist and Berlioz's colourful epistolary... But Bortolotto's favourite environment is undoubtedly the theatre, so that on several occasions we see him probing, with loving and at the same time severe solicitude, the state of health of the opera - 'this artefact that holds a little of the waffling and a little of the magical'. 
Peregrinating from the unreachable Viennese Staatsoper to the Parisian stages and from St. Petersburg to the Colón in Buenos Aires, to those 'demanding little theatres' that alone, in Italy, resist the desolating 'reduction of the so-called repertoire', Bortolotto examines singers and conductors, pierces here and there the 'unfortunate gimmicks' and the 'massive ignorance' of certain directors, yet is always ready to be enchanted by the miracle of a perfect performance. Escorted through a labyrinth of artistic, literary and musical events by a nonchalant but suspiciously omniscient guide, we understand, in short, how the music that we inexplicably insist on calling classical, far from being the superfluous 'soundtrack' of western cultural life, is an inalienable and fundamental part of it. (Translated with DeepL.com)
=650  \0$aMusic history$1http://www.wikidata.org/entity/Q846047$921373
=650  \0$aMusic criticism$1http://www.wikidata.org/entity/Q11748889$921598
=650  \0$aTheater history$1http://www.wikidata.org/entity/Q1061140$94607
=942  \\$cBOO
=952  \\$00$10$2ddc$40$6GHM_5_000000000000000$70$8GHM$923494$aORPH$bORPH$cKM12_1$d2024-06-25$l0$oGHM5$p20143671$r2024-07-09 00:00:00$w2024-07-09$yBOO
=999  \\$d22151

