=LDR  01450nam a22002297i 4500
=001  22152
=005  20250604111955.0
=008  210429s2019\\\\\\\||||||\\\\|||||\|eng|c
=020  \\$a9781787601536
=041  \7$aeng
=100  1\$aMeyer-Ferrari, Brunhild$4edt
=245  10$aLuc Ferrari:$bComplete Works
=260  \\$aLondon$bEcstatic peace library$c2019
=300  \\$a448 pages
=500  \\$aThis is the first English monograph of legendary French musique-concrete pioneer Luc Ferrari (1929-2005). Founding member of Groupe de Recherches (GRM) with Pierre Schaeffer-the group and studio were dedicated to the electronic medium that changed composition forever. This sumptuous volume includes facsimiles of Ferrari's original compositions, notebooks, and the first English translations of his writings, including poetry and fictional works and correspondence, as well as a special full-colour section that includes the composer's own collage artwork. 
=600  \0$aFerrari, Luc$d1929-2005$1http://www.wikidata.org/entity/Q1279889$917626
=650  \0$aMusic history$1http://www.wikidata.org/entity/Q846047$921373
=650  \0$aComposer$1http://www.wikidata.org/entity/Q36834$93625
=650  \0$aElectronic music$1http://www.wikidata.org/entity/Q9778$922014
=942  \\$cBOO
=952  \\$00$10$2ddc$40$6BIO_FERR_A$70$8BIO$923495$aORPH$bORPH$cKTS1_P$d2024-07-09$l1$oBIO FERR a$p20143672$q2025-01-04$r2024-07-09 00:00:00$s2024-07-09$w2024-07-09$yBOO
=999  \\$d22152

