=LDR  03183njm a22003137a 4500
=001  22154
=008  240709s2022\\\\||||||||\||||\00|\0\fre\d
=024  \\$a3597494712122
=041  \\$afre$aeng
=100  \\$aFerrari, Luc$d1929-2005$1http://www.wikidata.org/entity/Q1279889$4cmp$917626
=245  \\$aLuc Ferrari :$bl'oeuvre électronique
=260  \\$aParis$bINA$c2002
=300  \\$a10 CDs$eBooklet
=500  \\$aAnthology of 31 electronic works, defined "in the widest sense possible" as "tape music without any classical instruments". 
=500  \\$aReleased in carboard box with a 100-page illustrated booklet in French & English.
Each disc is housed in a cardboard slipcase.
=505  \\$gCD1:
Étude aux accidents, Étude aux sons tendus, Étude floue (1958).
Échantillon pour mimes (1959). Music for theater. Elements reused for Visage 5 & Tête et queue du dragon.
Visage 5 (1958-59).
Tête et queue du dragon (1959-60).
Tautologos 1 (1961). Commissioned by Hermann Scherchen and recorded in his studio in Gravesano for a concert at Radiotélévision française.
Tautologos 2 (1961).
Music promenade (1964-69).
=505  \\$gCD2:
Hétérozygote (1963-64).
J'ai été coupé (1969). Realized in the studios of Groupe de recherches musicales (GRM).
Petite symphonie intuitive pour un paysage de printemps (1973-74).
=505  \\$gCD3:
Presque rien n°1 (1967-70).
Presque rien n°2 (1977).
Presque rien n°3 (1989).
Presque rien n°4 (1990-98). Realized at studio Post-billig.

=505  \\$gCD4:
Danses organiques (1971-73). Commissioned for a GRM concert at Théâtre Récamier, February 5, 1973 (Paris, France).
=505  \\$gCD5:
Ouvert-Fermé (1993). Part of the Metropolis serie of Hörspiele produced by Akustische Kunst, WDR, (Köln, Germany).
Unheimlich schön (1971).
Dérivatif (2008). Previously unreleased.
=505  \\$gCD6:
Dialogue ordinaire avec la machine (1984).
Strathoven (1985). Previously unreleased.
Capricorne (1958). Song recorded for a film previously unreleased.
Chute libre (1958) composed for the soundtrack of the film by Gérard Patris.
=505  \\$gCD7:
Far-West News 1 & 2 (1999). Radioplay in three parts commissioned by NPS Hilversum. Recorded at Santa Fé & Monument Valley between 11th and the 16th of September 1998 (part 1), between 17th and the 24th of September 1998 (part 2). Realized in March and May 1999 at Luc Ferrari's Atelier post-billig.
=505  \\$gCD8:
Far-West News 3 (1999). Recorded between 25th and the 30th of September 1998 (part 3).
Archives génétiquement modifiées (2000). Realized at Luc Ferrari's Atelier post-billig.
=505  \\$gCD9:
Les Anecdotiques, Exploitation des concepts n°6 (2001-02). Radioplay commissioned by Deutschland Radio Berlin. Realized at Atelier post-billig (between June 2001 and October 2002).
=505  \\$gCD10:
L'Escalier des aveugles (1991).
Les arythmiques (2003).
=650  \0$aElectronic music$1http://www.wikidata.org/entity/Q9778$922014
=942  \\$cREC
=952  \\$00$10$2ddc$40$6REC_CD_FERR_2002_000000000000000$70$8REC$923497$aORPH$bORPH$cKM12_2_B$d2024-07-09$l1$oREC CD FERR 2002$p20143673$q2025-01-04$r2024-07-09 00:00:00$s2024-07-09$w2024-07-09$yREC
=999  \\$d22154

