=LDR  01238nam a22002537i 4500
=001  22155
=005  20251003085500.0
=008  070316s1988\\\\ne\o|||||c\\\|||||\|dut|c
=020  \\$a9067300594
=041  \7$adut
=100  1\$aMensink, Onno$4edt$927543
=245  10$aElektrische muziek:$cdrie jaar acquisitie van elektrische muziekinstrumenten
=260  \\$aDen Haag$bHaags Gemeentemuseum$c1988
=300  \\$a[59] pages
=500  \\$aUitg. bij de gelijknamige tentoonstelling in het Haags Gemeentemuseum van 28 mei tot ca. november 1988
=610  \0$aHaags Gemeentemuseum (The Hague, Netherlands)$1http://www.wikidata.org/entity/Q1499958$91193
=648  \0$a20th Century (1901-2000)$1http://www.wikidata.org/entity/Q6927$920936
=650  \0$aElectronic music$1http://www.wikidata.org/entity/Q9778$922014
=650  \0$aExhibition$1http://www.wikidata.org/entity/Q464980$925353
=650  \0$aCatalogue$1http://www.wikidata.org/entity/Q2352616$921484
=651  \0$aThe Hague (Netherlands)$1http://www.wikidata.org/entity/Q36600$910
=942  \\$cBOO
=952  \\$00$10$2ddc$40$6INS_9A_NL_HAG$70$8INS$923498$aORPH$bORPH$cKTS0$d2024-06-06$g10.00$l1$oINS9a NL.HAG$p20143674$q2025-01-04$r2024-07-09 00:00:00$s2024-07-09$w2024-07-09$yBOO
=999  \\$d22155

