=LDR  00983nam a22002177a 4500
=001  22156
=008  240709s1978\\\\||||||||\||||\00|\0\ita\d
=041  \\$aita
=100  \\$aRomiti, Letizia$4aut$927544
=245  \\$aLe messe per organo di Girolamo Cavazzoni
=260  \\$c1978
=300  \\$a11 pages
=500  \\$aOffprint from L'Organo, Rivista di cultura organaria e organistica - Anno XVI Gennaio-Dicembre 1978
=600  \0$aCavazzoni, Girolamo$d1510-1565$1http://www.wikidata.org/entity/Q961212$924807
=648  \0$a16th Century (1501-1600)$1http://www.wikidata.org/entity/Q7017$920944
=650  \0$aOrgan music$1http://www.wikidata.org/entity/Q2003283$91951
=650  \0$aVocal music$1http://www.wikidata.org/entity/Q685884$93319
=651  \0$aItaly$1http://www.wikidata.org/entity/Q38$922
=942  \\$cART
=952  \\$00$10$2ddc$40$6BIO_CAVA2_E$70$8BIO$923499$aORPH$bORPH$cKTS1_P$d2024-07-09$eKoopman$i30C09$l0$oBIO CAVA2 e$p20130871$r2024-07-09 00:00:00$w2024-07-09$yART
=999  \\$d22156

