=LDR  03206cam a2200301 i 4500
=001  22157
=005  20251103124736.0
=008  230211s2022\\\\gw\ago\\\b\\\\001\0\ger\\
=020  \\$a9783955934033
=041  \\$ager
=100  1\$aKrüger, Anne-May$d1978-$4aut$927545
=245  10$aMusik über Stimmen:$bVokalinterpretinnen und-interpreten der 1950er und 60er Jahre im Fokus hybrider Forschung
=260  \\$aHofheim$bWolke$c2022
=300  \\$a572 pages$billustrations, music examples
=504  \\$aIncludes bibliographical references (pages 525-542) and index.
=505  0\$aVoraussetzungen -- Carla Henius, Cathy Berberian und Roy Hart : drei vokale Fallbeispiele -- Interpretationen : Konklusionen -- Verzeichnis der Archive -- Abbildungsverzeichnis -- Literaturverzeichnis.
=520  \\$aPerformers have always had a decisive influence on the creation, performance practice, distribution and reception of compositions. This makes them central players in the creation of music, although musicology has only recently discovered them as a subject of research in their own right. With the singers Cathy Berberian and Carla Henius as well as the actor and vocal artist Roy Hart, this publication focuses on three performers from the immediate and wider environment of the Darmstadt Summer Course for New Music who influenced the vocal repertoire of their time in a particularly incisive way - whether due to their specific vocal abilities and working methods or as initiators and patrons. This repertoire often raises practical performance questions: How can compositions be interpreted that were created as vocal portraits of a singer or that could possibly only be realised vocally by a single person? What relevance does this historical repertoire have in the present day and how does it define the scope of interpretation? What can interpretation achieve - not as the servant of a supposed authorial authority or as a medium for clarifying research results, but as an independent epistemic technique? This volume thus aims to do two things: on the one hand, to shed light on specific historical contexts and the application of the insights generated from them in music research and music practice, and on the other hand, to illustrate music practice in its potential as a process for generating knowledge. Both aspects are united by the understanding of interpretation as a creative practice. (Translated with Deepl.com)
=600  10$aHenius, Carla$927463
=600  \0$aBerberian, Cathy$d1925-1983$1http://www.wikidata.org/entity/Q285462$919016
=600  10$aHart, Roy$d1926-1975$927546
=650  \0$aMusic history$1http://www.wikidata.org/entity/Q846047$921373
=650  \0$aSinging$1http://www.wikidata.org/entity/Q27939$92767
=650  \0$aMusical interpretation$1http://www.wikidata.org/entity/Q1668139$94533
=650  \0$aMusic philosophy and aesthetics$1http://www.wikidata.org/entity/Q2092865$921165
=856  \\$uhttps://www.wolke-verlag.de/musikbuecher/anne-may-krueger-musik-ueber-stimmen/
=942  \\$cBOO
=952  \\$00$10$2ddc$40$6MTP_2_000000000000000_KRUG$70$8MTP$923501$aORPH$bORPH$cKM12_1$d2024-06-10$g49.00$l0$oMTP2 KRUG$p20143677$r2024-07-09 00:00:00$w2024-07-09$yBOO
=999  \\$d22157

