=LDR  01001nam a22002057a 4500
=001  22158
=008  240709s1973\\\\|||a||||\||||\00|\0\ita\d
=041  \\$aita
=100  \\$aVarious$4aut$94793
=245  \\$aGli organi storici di Amelia
=260  \\$aAmelia$bAssociazione Ameria Umbra$c1973
=300  \\$a35 pages
=500  \\$aAmelia is a town and comune located in central Italy which is part of the province of Terni. The city is located in Umbria not far from the border with Lazio.


=648  \0$a17th Century (1601-1700)$1http://www.wikidata.org/entity/Q7016$920923
=648  \0$a18th Century (1701-1800)$1http://www.wikidata.org/entity/Q7015$920899
=650  \0$aOrgan$1http://www.wikidata.org/entity/Q1444$92810
=651  \0$aUmbria (Italy)$1http://www.wikidata.org/entity/Q1280$923323
=942  \\$cBOO
=952  \\$00$10$2ddc$40$6INS_3_000000000000000_1E_IT_AME$70$8INS$923502$aORPH$bORPH$cKTS0$d2024-07-09$eKoopman$i28E28$l0$oINS3.1e IT.AME$p20130804$r2024-07-09 00:00:00$w2024-07-09$yBOO
=999  \\$d22158

