=LDR  00893nam a22001937a 4500
=001  22159
=008  240709s1992\\\\|||a||||\||||\00|\0\ita\d
=041  \\$aita
=100  \\$aVarious$94793
=245  \\$aConcerti per il nuovo organo, chiesa parrochiale Sant'Eustorgio, Arcore
=260  \\$aArcore$bChiesa di S. Eustorgio$c1992
=300  \\$a32 pages
=500  \\$aOrgano dell'Orto & Lanzini, 1992
=500  \\$aProgram book of the inaugural organ concerts by Hans van Nieuwkoop, Harald Vogel, Andrea Marcon and Lorenzo Ghielmi (all in October 1992).
=650  \0$aOrgan$1http://www.wikidata.org/entity/Q1444$92810
=651  \0$aLombardy (Italy)$1http://www.wikidata.org/entity/Q1210$922873
=942  \\$cBOO
=952  \\$00$10$2ddc$40$6INS_3_000000000000000_1E_IT_ARC$70$8INS$923503$aORPH$bORPH$cKTS0$d2024-07-09$eKoopman$i28E28$l0$oINS3.1e IT.ARC$p20130805$r2024-07-09 00:00:00$w2024-07-09$yBOO
=999  \\$d22159

