=LDR  01410nam a2200241 c 4500
=001  22160
=008  231124s2022\\\\\\\ao\\\\||||\00|||\eng\d
=020  \\$a9789895680757
=041  0\$aeng
=100  \\$aSá, Joana$d1979-$4aut$927547
=245  10$aA body as listening:$bresonant cartography of music (im)materialities
=250  \\$a1st ed.
=260  \\$aLisbon$bSistema Solar Ed.$c2022
=300  \\$a119-[1] folios$eCD, postcard
=490  \\$aSérie
=520  \\$aThis book unfolds from the perspective of a musical practice by taking your body as part of this resonant cartography.

It will imply exploring all kinds of (im)possible resonant and vibratory processes.

All entities responsible for this book cannot, however, predict ‘what a body can do’ or take entire responsibility for ‘its’ actions or outcomes.

By navigating the two streams in this book, you agree with the fact that we do not provide the best experience, therefore agreeing to and feeding the possibility of failure.
=546  \\$aText in English
=650  00$aImprovisation$1http://www.wikidata.org/entity/Q1049625$93640
=650  00$aPerformance art$1http://www.wikidata.org/entity/Q213156$922164
=650  00$aBody$1http://www.wikidata.org/entity/Q170494$923440
=942  \\$cBOO
=952  \\$00$10$2ddc$40$6AES_SA$70$8AES$923504$aORPH$bORPH$cKM12_1$d2024-07-09$l0$oAES SA$p20143678$r2024-07-09 00:00:00$w2024-07-09$yBOO
=999  \\$d22160

