=LDR  00828nam a22002057a 4500
=001  22163
=008  240710s1972\\\\|||a||||\||||\00|\0\ita\d
=041  \\$aita
=245  \\$aL'organo di Gaetano Callido a Borca di Cadore
=260  \\$c1972
=300  \\$a44+7 pages
=600  10$aCallido, Gaetano$d1727-1813$925863
=648  \0$a18th Century (1701-1800)$1http://www.wikidata.org/entity/Q7015$920899
=650  \0$aOrgan$1http://www.wikidata.org/entity/Q1444$92810
=651  \0$aVeneto (Italy)$1http://www.wikidata.org/entity/Q1243$922666
=700  \\$aStella, Loris$4edt$914216
=700  \\$aFormentini, Valerio$4edt$910918
=942  \\$cBOO
=952  \\$00$10$2ddc$40$6INS_3_000000000000000_1E_IT_BOR$70$8INS$923507$aORPH$bORPH$cKTS0$d2024-07-10$eKoopman$i28E28$l0$oINS3.1e IT.BOR$p20130807$r2024-07-10 00:00:00$w2024-07-10$yBOO
=999  \\$d22163

