=LDR  00935nam a22001937a 4500
=001  22164
=008  240710s1985\\\\|||a||||\||||\00|\0\ita\d
=041  \\$aita
=100  \\$aMischiati, Oscar$1http://www.wikidata.org/entity/Q55677162$4aut$912792
=245  \\$aL'Organo Serassi della Chiesa di San Liborio a Colorno e il suo Restauro
=260  \\$aParma$bAmministrazione Provinciale$c1985
=300  \\$a17 pages
=648  \0$a18th Century (1701-1800)$1http://www.wikidata.org/entity/Q7015$920899
=650  \0$aOrgan$1http://www.wikidata.org/entity/Q1444$92810
=650  \0$aConservation and restoration$1http://www.wikidata.org/entity/Q217102$922845
=651  \0$aEmilia-Romagna (Italy)$1http://www.wikidata.org/entity/Q1263$922021
=942  \\$cBOO
=952  \\$00$10$2ddc$40$6INS_3_000000000000000_1E_IT_COL$70$8INS$923508$aORPH$bORPH$cKTS0$d2024-07-10$eKoopman$i28E28$l0$oINS3.1e IT.COL$p20130808$r2024-07-10 00:00:00$w2024-07-10$yBOO
=999  \\$d22164

