=LDR  00965nam a22001817a 4500
=001  22166
=008  240710s1984\\\\|||\||||\||||\00|\0\ita\d
=041  \\$aita
=245  \\$aStorico organo Serassi nella Basilica di Santa Maria di Campagna.$bStagione Concertistica 1984-1985
=260  \\$aPiacenza$bCommune di Piacenza$c1985
=300  \\$a16 pages
=500  \\$aPrograms for several concerts in May 1985 at the Serassi organ in the Basilica di Santa Maria die Campagna in Piacenza. The first concert is an organ recital by Ton Koopman (10.05.1985).
=650  \0$aOrgan music$1http://www.wikidata.org/entity/Q2003283$91951
=650  \0$aOrgan$1http://www.wikidata.org/entity/Q1444$92810
=651  \0$aPiacenza (Italy)$1http://www.wikidata.org/entity/Q13329$924442
=942  \\$cBOO
=952  \\$00$10$2ddc$40$6INS_3_000000000000000_1E_IT_PIA$70$8INS$923510$aORPH$bORPH$cKTS0$d2024-07-10$eKoopman$i28E28$l0$oINS3.1e IT.PIA$p20143679$r2024-07-10 00:00:00$w2024-07-10$yBOO
=999  \\$d22166

