=LDR  00823nam a22001817a 4500
=001  22168
=008  240710s1976\\\\|||a||||\||||\00|\0\it\\d
=041  \\$aita
=100  \\$aVarious$94793
=245  \\$aIl nuovo organo di S. Marco a Rovereto
=260  \\$c1976
=300  \\$a31+26 pages
=500  \\$aConsists of two booklets about this organ: one contains programs for inaugural concerts for the new organ in 1976, the other is a reprint from 'Perche Christo Regni' N.3 March 1971.
=650  \0$aOrgan$1http://www.wikidata.org/entity/Q1444$92810
=651  \0$aTrento (Italy)$1http://www.wikidata.org/entity/Q3376$923560
=942  \\$cBOO
=952  \\$00$10$2ddc$40$6INS_3_000000000000000_1E_IT_ROV$70$8INS$923512$aORPH$bORPH$cKTS0$d2024-07-10$eKoopman$i28E28$l0$oINS3.1e IT.ROV$p20130812$r2024-07-10 00:00:00$w2024-07-10$yBOO
=999  \\$d22168

