=LDR  00887nam a22002057a 4500
=001  22170
=008  240710s1974\\\\|||a||||\||||\00|\0\ita\d
=041  \\$aita
=245  \\$aDuomo di Valvasone, organo di Vincenzo Colombo - La scuola organistica del '500 veneziano ed il suo influsso europeo
=260  \\$c1974
=300  \\$a25 pages
=648  \0$a16th Century (1501-1600)$1http://www.wikidata.org/entity/Q7017$920944
=650  \0$aOrgan$1http://www.wikidata.org/entity/Q1444$92810
=650  \0$aOrgan shutter$922815
=651  \0$aValvasone (Italy)$1http://www.wikidata.org/entity/Q53203$924437
=700  \\$aStella, Loris$4aut$914216
=700  \\$aFormentini, Valerio$4aut$910918
=942  \\$cBOO
=952  \\$00$10$2ddc$40$6INS_3_000000000000000_1E_IT_VAL$70$8INS$923514$aORPH$bORPH$cKTS0$d2024-07-10$eKoopman$i28E28$l0$oINS3.1e IT.VAL$p20130814$r2024-07-10 00:00:00$w2024-07-10$yBOO
=999  \\$d22170

