=LDR  00788nam a22001817a 4500
=001  22171
=008  240710s1971\\\\|||a||||\||||\00|\0\ita\d
=041  \\$aita
=245  \\$aGli organi della basilica di Santa Maria Gloriosa dei Frari in Venezia
=260  \\$bFondazione Giuseppe Volpi di Misurata$c1971
=300  \\$a59 pages
=650  \0$aOrgan$1http://www.wikidata.org/entity/Q1444$92810
=651  \0$aVenice (Italy)$1http://www.wikidata.org/entity/Q641$91
=700  \\$aChudoba, Livio$4ctb$927555
=700  \\$aMischiati, Oscar$1http://www.wikidata.org/entity/Q55677162$4ctb$912792
=942  \\$cBOO
=952  \\$00$10$2ddc$40$6INS_3_000000000000000_1E_IT_VEN$70$8INS$923515$aORPH$bORPH$cKTS0$d2024-07-10$eKoopman$i28E28$l0$oINS3.1e IT.VEN$p20130815$r2024-07-10 00:00:00$w2024-07-10$yBOO
=999  \\$d22171

