=LDR  00788nam a22001817a 4500
=001  22172
=008  240710s1971\\\\||||||||\||||\00|\0\ita\d
=041  \\$aita
=100  \\$aRognini, Luciano$4aut$913604
=245  \\$aL'Antico organo di S. Maria in organo$b(Con cenni sulla tradizione musicale degli Olivetani in Verona)
=260  \\$aVerona$c1971
=300  \\$a50 pages
=590  \\$aEstratto da Studi Storici Veronesi Luigi Simeoni Vol. XX-XXI, 1970-1971
=650  \0$aOrgan$1http://www.wikidata.org/entity/Q1444$92810
=651  \0$aVerona (Italy)$1http://www.wikidata.org/entity/Q2028$921086
=942  \\$cBOO
=952  \\$00$10$2ddc$40$6INS_3_000000000000000_1E_IT_VER$70$8INS$923516$aORPH$bORPH$cKTS0$d2024-07-10$i28E28$l0$oINS3.1e IT.VER$p20130816$r2024-07-10 00:00:00$w2024-07-10$yBOO
=999  \\$d22172

