=LDR  01509ncm a2200277 c 4500
=001  22173
=005  20250925143311.0
=008  100417r20021974\\\||l|\\||||||||\|\mul\d
=024  \\$29790200101447$aISMN
=041  0\$aita$aspa$ager
=100  1\$aNono, Luigi$d1924-1990$4cmp
=245  10$aEpitaffio no. 1, 2 e 3
=250  \\$aStudien-Partitur
=260  \\$aMainz$bArs Viva$c2002
=300  \\$a167 pages
=490  \\$aMusik unserer Zeit
=505  \\$gEpitaph No 1: España en el corazón. Studies for solo soprano, solo baritone, spoken choir and instruments on texts by Federico García Lorca and Pablo Neruda (1952/53)$gEpitaph No. 2: Y su sangre ya viene cantando for flute and small orchestra. Text by Federico García Lorca (1952/53)$gEpitaph No. 3: Memento. Romance de la Guardia civil española for reciting voice, spoken choir and orchestra. Text by Federico García Lorca (1952/53)
=648  \0$a20th Century (1901-2000)$1http://www.wikidata.org/entity/Q6927$920936
=650  \0$aOrchestral music$1http://www.wikidata.org/entity/Q3328774$924356
=650  \0$aVoice$1http://www.wikidata.org/entity/Q7390$925199
=650  \0$aChoir$1http://www.wikidata.org/entity/Q131186$93338
=700  1\$aGarcía Lorca, Federico$d1898-1936$1http://www.wikidata.org/entity/Q41408$4aut$927557
=700  1\$aNeruda, Pablo$d1904-1973$4aut$927556
=942  \\$cSCO
=952  \\$00$10$2ddc$40$6SCO_NONO$70$8SCO$923517$aORPH$bORPH$cKTS1_P$d2024-07-10$l0$oSCO NONO$p20143680$r2024-07-16 00:00:00$w2024-07-16$ySCO
=999  \\$d22173

