=LDR  02254nam a22002297a 4500
=001  22174
=008  240716s2023\\\\|||aho||\||||\00|\0\dut\d
=020  \\$a9789464943474
=041  \\$adut
=100  1\$aOsta, Jozef van$927558$4aut
=245  \\$aZes eeuwen klokkencultuur in de abdij van Averbode:$bCirca 1385 tot heden
=260  \\$aAverbode$bAbdij Averbode$c2023
=300  \\$a279 pages
=520  \\$aOn the initiative of the fellow brothers " buitenheren", a new bell was cast for the Averbode abbey tower in the jubilee year of the Premonstratensian order (1121-2021). It was named Hugo and refers to Blessed Hugo of Fosses, first abbot of Prémontré. This event prompted fellow brother Jozef Van Osta to describe chronologically and extensively the history of the bell and carillon culture of Averbode Abbey. As early as the 14th and 15th centuries, traces of bells and primes can be found in the abbey's rich archives. Throughout the centuries, eminent bell founders such as brothers Willem and Jasper Moer, François Hemony and Andreas Jozef Vanden Gheyn received commissions for the abbey. The book refers to clock inscriptions written by Erasmus of Rotterdam especially for Averbode. The turbulent history of the bells during the French period, the Second World War and the period afterwards receives ample attention. The abbey archives also recently discovered a manuscript from the 15th century with the rite for a bell dedication. A rare document with numerous regional variants. In short, this book is about bells and carillon and about people who bought and cherished them. This historiographical work was richly illustrated and published in a beautifully bound book. A real asset not only for the lover of bells and carillons, but for every bibliophile reader. (Translated with Deepl.com)
=610  20$aAbdij van Averbode$927559
=650  \0$aHistory$1http://www.wikidata.org/entity/Q309$921403
=650  \0$aBell$1http://www.wikidata.org/entity/Q101401$922519
=650  \0$aCarillon$1http://www.wikidata.org/entity/Q505174$94152
=651  \0$aAverbode (Belgium)$927560
=942  \\$cBOO
=952  \\$00$10$2ddc$40$6TOP_BE_AVE$70$8TOP$923518$aORPH$bORPH$cKTS0$d2024-07-16$l0$oTOP BE.AVE$p20143681$r2024-07-16 00:00:00$w2024-07-16$yBOO
=999  \\$d22174

