=LDR  02348nam a22002777a 4500
=001  22175
=008  240716s2011\\\\||||||||\||||\00|\0\mul\d
=041  \\$afre$aeng
=100  1\$aDijk, Suzanna van$4edt$927561
=245  \\$aCahiers Isabelle de Charriere / Belle de Zuylen Papers
=260  \\$bGenootschap Belle van Zuylen$c2011
=300  \\$a116 pages
=490  \\$vN°6
=500  \\$aBelle van Zuylen or Belle de Zuylen (full name Isabella Agneta Elisabeth van Tuyll van Serooskerken; from her marriage also Isabelle de Charrière (1740-1805) was a French-speaking writer and composer. She wrote novels, (self-)portraits, fables, poetry, novellas, pamphlets, plays, operas (libretti and music) and also composed songs, minuets and keyboard sonatas. She wrote thousands of letters, of which more than 2600 have been preserved. She took a keen interest in the society and politics of her age, and her work around the time of the French Revolution is regarded as being of particular interest. Her novels are characterised by great psychological depth and describe the difficulties modern, emancipated women like Van Zuylen faced in a conservative world ruled by men.
=500  \\$aThe Cahiers Isabelle de Charrière / Belle de Zuylen Papers are the sequel to the "Lettre de Zuylen et du Pontet". The successor to the Cahiers is "Lettre de Zuylen" (since 2017).
=500  \\$aContributions by Francine van der Heijden, Irène Minder-Jeanneret, Helen Metzelaar, Claudia Gaggetta Dalaimo, Paul van den Boogaard, Suzan van Dijk, Kees van Strien, Pim van Oostrum, Jürgen Siess, Monique Moser-Verrey, Madeleine van Strien-Chardonneau & Ineke Janse
=590  \\$aIsabelle de Charrière et ses divers violons d'Ingres - Belle de Zuylen, music and art
=600  \0$aZuylen, Belle van$d1740-1805$1http://www.wikidata.org/entity/Q123386$926805
=650  \0$aHistory$1http://www.wikidata.org/entity/Q309$921403
=650  \0$aCorrespondence$1http://www.wikidata.org/entity/Q1784733$921392
=650  \0$aComposer$1http://www.wikidata.org/entity/Q36834$93625
=650  \0$aWriter$1http://www.wikidata.org/entity/Q36180$93885
=856  \\$uhttps://www.belle-van-zuylen.eu/?page_id=2680
=942  \\$cBOO
=952  \\$00$10$2ddc$40$6BIO_ZUYL_F$70$8BIO$923519$aORPH$bORPH$cKTS1_P$d2024-07-16$l0$oBIO ZUYL f$p20143682$r2024-07-16 00:00:00$w2024-07-16$yBOO
=999  \\$d22175

