=LDR  02081nam a22002777a 4500
=001  22176
=008  240717s2005\\\\|||ao|||\||||\00|\0\dut\d
=020  \\$a9076101116
=041  \\$adut
=100  \\$ade Duve, Thierry$1http://www.wikidata.org/entity/Q4172152$4cur$4aut$918247
=245  \\$aMaak iets:$bKleur/Blik/Ding
=260  \\$aGhent$bSint-Lukas Beeldende Kunst$c2005
=300  \\$a243-[14] pages
=500  \\$aContributions by Fiona Tan, Nadine Plateau, Marc De Kesel, Howard Caygill, Arne Depyudt, Julie Peeters, Bas Rogiers, Dorinda Bielen, Sofie De Ville, Els Van Gheluwe, Jef Cuypers, Marijke Verlinden, Mandy Meissner, Bianca Raes, Joke Van Wauwe, Ruth Viaene, Simon Devolder, Joris Kritis, Lies Van Hee, Johanna Van Parys, Sander Van Den Broucke, Jan Fack, Pieter Van Snick, Marijke Verkaart, Eveline Bouttens, Bert Vissers, Sarah Eechaut & Tine Guns. Supervision by Thierry de Duve, Lucas Devriendt, Wim Lambrecht & Herman Parret.
=520  \\$aThis book documents the project of Thierry de Duve during the academical year 2004-2005 at Sint-Lucas Visual Arts Ghent. The working process as well as the results, conclusions, evaluations and several readings are published. This book is the third an last one in the series. It was arranged and typeset by Bas Rogiers and Julie Peeters following the design of Inge Ketelers of the former editions (see 2003 and 2004). 
=590  \\$aTentoonstelling, Gent, Witte Zaal, 26 september tot 7 oktober 2005
=650  \0$aFine art$1http://www.wikidata.org/entity/Q219625$921579
=650  \0$aExhibition$1http://www.wikidata.org/entity/Q464980$925353
=650  \0$aEducation$1http://www.wikidata.org/entity/Q8434$926206
=651  \0$aGhent (Belgium)$1http://www.wikidata.org/entity/Q1296$920924
=700  \\$aParret, Herman$1http://www.wikidata.org/entity/Q55624893$4aut$917316
=700  \\$aPeeters, Jan$4edt$927565
=700  \\$aKetelers, Inge$4dsr$927562
=942  \\$cBOO
=952  \\$00$10$2ddc$40$6VIS_DUVE$70$8VIS$923520$aORPH$bORPH$cKTS1_H$d2024-07-17$l0$oVIS DUVE$p20143683$r2024-07-17 00:00:00$w2024-07-17$yBOO
=999  \\$d22176

