=LDR  01098nam a22002177a 4500
=001  22177
=008  240717s2016\\\\||||||||\m|||\00|\0\mul\d
=041  \\$alit$aeng
=100  \\$aKaveckas, Egidijus$4aut$927566
=245  \\$aLithuanian Schools of Choral Conducting:$bIdentifications, Interactions and Modernisation$p(summary of the artistic research paper)
=246  \1$aLietuvos chorinio dirigavimo mokyklos:$bidentifikacijos saveikos ir modernejimas
=260  \\$aVilnius$bLithuanian Academy of Music and Theatre$c2016
=300  \\$a48 pages
=650  \0$aArtistic research$1http://www.wikidata.org/entity/Q20827087$921804
=650  \0$aChoral music$1http://www.wikidata.org/entity/Q1076513$94368
=650  \0$aConducting$1http://www.wikidata.org/entity/Q6989196$92392
=650  \0$aMusic education$1http://www.wikidata.org/entity/Q27908$921766
=651  \0$aLithuania$1http://www.wikidata.org/entity/Q37$921701
=942  \\$cDIS
=952  \\$00$10$2ddc$40$6MTP_5_000000000000000_KAVE$70$8MTP$923521$aORPH$bORPH$cKM12_1$d2024-07-17$l0$oMTP5 KAVE$p20143684$r2024-07-17 00:00:00$w2024-07-17$yDIS
=999  \\$d22177

