=LDR  00948nam a22002057a 4500
=001  22178
=008  240717s2016\\\\||||||||\m|||\00|\0\mul\d
=041  \\$alit$aeng
=100  \\$aMaslekovas, Andrius$4aut$927567
=245  \\$aStructural and Prestructural Compositional Aspects of Sonoristic Music$p(summary of the artistic research paper)
=246  \1$aStrukturiniai ir ikistrukturiniai sonorines muzikos komponavimo aspektai
=260  \\$aVilnius$bLithuanian Academy of Music and Theatre$c2016
=300  \\$a48 pages
=650  \0$aArtistic research$1http://www.wikidata.org/entity/Q20827087$921804
=650  \0$aComposing$1http://www.wikidata.org/entity/Q92186587$93076
=650  \0$aTimbre$927568
=651  \0$aLithuania$1http://www.wikidata.org/entity/Q37$921701
=942  \\$cDIS
=952  \\$00$10$2ddc$40$6MTP_5_000000000000000_MASL$70$8MTP$923522$aORPH$bORPH$cKM12_1$d2024-07-17$l0$oMTP5 MASL$p20143685$r2024-07-17 00:00:00$w2024-07-17$yDIS
=999  \\$d22178

