=LDR  01015nam a22002177a 4500
=001  22179
=008  240717s2015\\\\||||||||\m|||\00|\0\mul\d
=041  \\$alit$aeng
=100  \\$aVaitkus, Balys$4aut$927569
=245  \\$aThe Phenomenon of Dynamics in Baroque Music for Harpsichord$p(summary of the artistic research paper)
=246  \1$aDinamikos fenomenas baroko muzikoje klavesinui
=260  \\$aVilnius$bLithuanian Academy of Music and Theatre$c2015
=300  \\$a40 pages
=650  \0$aArtistic research$1http://www.wikidata.org/entity/Q20827087$921804
=650  \0$aDynamic$1http://www.wikidata.org/entity/Q113558$92847
=650  \0$aBaroque$1http://www.wikidata.org/entity/Q37853$921255
=650  \0$aHarpsichord$1http://www.wikidata.org/entity/Q81982$92125
=651  \0$aLithuania$1http://www.wikidata.org/entity/Q37$921701
=942  \\$cDIS
=952  \\$00$10$2ddc$40$6MTP_5_000000000000000_VAIT$70$8MTP$923523$aORPH$bORPH$cKM12_1$d2024-07-17$l0$oMTP5 VAIT$p20143686$r2024-07-17 00:00:00$w2024-07-17$yDIS
=999  \\$d22179

