=LDR  01136nam a22002177a 4500
=001  22180
=008  240717s2015\\\\||||||||\m|||\00|\0\mul\d
=041  \\$alit$aeng
=100  \\$aBaikstyte, Indre$4aut$927570
=245  \\$aThe Role of the Pianist-Accompanist in the Artistic Activities of a Soloist:$bPhysiological and Psychological Aspects$p(summary of the artistic research paper)
=246  \1$aPianisto akompaniatoriaus vaidmuo solisto menineje veikloje:$bfiziologiniai ir psichologiniai aspektai
=260  \\$aVilnius$bLithuanian Academy of Music and Theatre$c2015
=300  \\$a48 pages
=650  \0$aArtistic research$1http://www.wikidata.org/entity/Q20827087$921804
=650  \0$aPianist$1http://www.wikidata.org/entity/Q486748$92959
=650  \0$aAccompaniment$1http://www.wikidata.org/entity/Q504514$92918
=650  \0$aPsychology$1http://www.wikidata.org/entity/Q9418$922578
=651  \0$aLithuania$1http://www.wikidata.org/entity/Q37$921701
=942  \\$cDIS
=952  \\$00$10$2ddc$40$6MTP_5_000000000000000_BAIK$70$8MTP$923524$aORPH$bORPH$cKM12_1$d2024-07-17$l0$oMTP5 BAIK$p20143687$r2024-07-17 00:00:00$w2024-07-17$yDIS
=999  \\$d22180

