=LDR  00948nam a22002057a 4500
=001  22181
=008  240717s2015\\\\||||||||\m|||\00|\0\mul\d
=041  \\$alit$aeng
=100  \\$aNatalevicius, Mykolas$4aut$927571
=245  \\$aAspects of the Drone Style and Composition Technique$p(summary of the artistic research paper)
=246  \1$aDrone stiliaus ir komponavimo aspektai
=260  \\$aVilnius$bLithuanian Academy of Music and Theatre$c2015
=300  \\$a32 pages
=650  \0$aArtistic research$1http://www.wikidata.org/entity/Q20827087$921804
=650  \0$aMinimalist music$1http://www.wikidata.org/entity/Q572901$923040
=650  \0$aComposing$1http://www.wikidata.org/entity/Q92186587$93076
=651  \0$aLithuania$1http://www.wikidata.org/entity/Q37$921701
=942  \\$cDIS
=952  \\$00$10$2ddc$40$6MTP_5_000000000000000_NATA$70$8MTP$923525$aORPH$bORPH$cKM12_1$d2024-07-17$l0$oMTP5 NATA$p20143688$r2024-07-17 00:00:00$w2024-07-17$yDIS
=999  \\$d22181

