=LDR  01008nam a22002057a 4500
=001  22182
=008  240729s1930\\\\|||a||||\||||\00|\0\eng\d
=041  \\$aeng
=110  2\$aRushworth & Dreaper, Ltd.$927572
=245  \\$aThe Rushworth & Dreaper Permanent Collection of Antique Musical Instruments
=260  \\$aLiverpool$bRushworth & Dreaper$c[c.1930]
=300  \\$a12 pages$e2 photographs inserted
=500  \\$aBrochure of the 'Rushworth & Dreaper permanent collection of antique musical instruments' with simple monochrome illustrations throughout
=563  \\$aStaples are rusty
=650  \0$aKeyboard instrument$1http://www.wikidata.org/entity/Q52954$92849
=650  \0$aString instrument$1http://www.wikidata.org/entity/Q1798603$92912
=650  \0$aWind instrument$1http://www.wikidata.org/entity/Q173453$94615
=942  \\$cEPH
=952  \\$00$10$2ddc$40$6KTS_1_000000000000000_H_07_011$70$8RAR$923526$aORPH$bORPH$cKTS1_H$d2024-07-29$l0$oKTS1 H.07.011$p20143689$r2024-07-29 00:00:00$w2024-07-29$yEPH
=999  \\$d22182

