=LDR  01546nam a22002417a 4500
=001  22183
=005  20250923161051.0
=008  240731b\\\\\\\\||||||||\||||\00|\0\fre\d
=041  \\$afre
=245  \\$aAssociation des artistes musiciens de Gand
=260  \\$aGhent$bGyselynck$c1848
=300  \\$a12 pages
=500  \\$aThis association had been founded on 15 August 1848 ‘dans le but de soutenir et d'encourager par tous les moyens en son pouvoir le progrès de l'Art musical, et d'assurer aux Artistes Musiciens leur avenir et leur dignité de leur profession’ (with the aim of supporting and encouraging by every means in its power the progress of the Art of Music, and of ensuring to Musical Artists their future and the dignity of their profession) (Le Messager de Gand et des Pays-Bas, 13 March 1849).
=500  \\$aOther members of the association are F. Devigne-Van Santen, F.A. Gevaert, B. Lagye, Ph. De Rote, Auguste Vandewoestyne-D'Hane, Ad. Burggraeve, Delavelye-Manilius
=648  \0$a19th Century (1801-1900)$1http://www.wikidata.org/entity/Q6955$920935
=650  \0$aMusic history$1http://www.wikidata.org/entity/Q846047$921373
=651  \0$aGhent (Belgium)$1http://www.wikidata.org/entity/Q1296$920924
=700  \\$aLoos, A.$4asn$927576
=700  \\$aChene, Ferdinand du$4asn$927577
=942  \\$cBOO
=952  \\$00$10$2ddc$40$6KTS_1_000000000000000_H_07_017$70$8RAR$923528$aORPH$bORPH$cKTS1_H$d2024-07-31$l0$oKTS1 H.07.017$p20143697$r2024-07-31 00:00:00$w2024-07-31$yBOO
=999  \\$d22183
=533  \\$aDigitized by iGuana, Spring 2025.

