=LDR  02172nam a22002177a 4500
=001  22184
=005  20250925143311.0
=008  240731s1913\\\\|||ao|||\||||\00|\0\fre\d
=041  \\$afre
=100  \\$aBergmans, Paul$d1868-1935$1http://www.wikidata.org/entity/Q30093760$4aut$920612
=245  \\$aLes fêtes musicales a l'exposition universelle de Gand 1913
=260  \\$aGhent$c1913
=300  \\$a39-[1] folios
=505  \\$gNo more than any other major event in public life, a world exhibition can do without the contribution of music, this essentially social and cosmopolitan art form. But it is difficult to determine, in a judicious way, the place it should occupy in world fairs. The task requires both taste and skill.

At the Ghent exhibition, a committee was set up to organise the musical events. It was made up of Eug. Bayens, president; Victor Carpentier and Henry de Smet de Naeyer, vice-presidents; Dorsan van Reysschoot, general secretary and director of the musical festivals; Marcel de Groo, treasurer; Paul Vanden Haute and Joseph Maere, assistant secretaries; Alb. Baertsoen, Gust. Colardin, de Clercq, Henri de Cock, Ed. de Vynck and Wilfrid Siffer, members. Mr Maurice de Smet de Naeyer, General Manager, was the Executive Committee's delegate to the committee; in addition, a number of affable commissioners were appointed to provide concert and reception services for the societies. A regular brass band was set up and placed under the expert direction of Mr Th. Coutelier; the daily concerts were very popular, thanks to well-chosen programmes and meticulous execution. (Translated with Deepl.com; https://www.worldfairs.info/expopavillondetails.php)
=648  \0$a20th Century (1901-2000)$1http://www.wikidata.org/entity/Q6927$920936
=650  \0$aMusic history$1http://www.wikidata.org/entity/Q846047$921373
=650  \0$aExhibition$1http://www.wikidata.org/entity/Q464980$925353
=651  \0$aGhent (Belgium)$1http://www.wikidata.org/entity/Q1296$920924
=942  \\$cBOO
=952  \\$00$10$2ddc$40$6KTS_1_000000000000000_H_07_018$70$8RAR$923529$aORPH$bORPH$cKTS1_H$d2024-07-31$l0$oKTS1 H.07.018$p20143698$r2024-07-31 00:00:00$w2024-07-31$yBOO
=999  \\$d22184

