=LDR  07859ncm a22005177a 4500
=001  22185
=005  20250925143311.0
=008  240805b\\\\\\\\|||||l||\||||\00|\0\fre\d
=041  \\$afre
=245  \\$a[Collection of scores]$nMap 3
=500  \\$aMainly works (or arrangements) for piano or other keyboard instruments, as a solo instrument or in combination with voice (or cello). Also includes an orchestral score by Francis Thomé.
=505  \\$gLe Départ de la Fauvette / Jacques de Broeck -- Le Retour de la Fauvette / Jacques de Broeck -- Helenen Polka Mazurka - Op. 25
/ Carl Faust -- Quatre Petites Pièces / Alphonse Mailly -- Six morceaux caractéristiques / Alphonse Mailly -- Six Mélodies / Gaston Knosp -- Quatre Morceaux / Louis Maes -- Faust, Opéra en 5 Actes, de Ch. Gounod / Eugène Ketterer -- Album Musica N. 31 / Various authors -- Album Musica N. 30 / Various authors -- Grande Valse de Salon sur Le Pardon de Ploërmel / Friedrich Burgmüller -- Illusioni / Giuseppe Capitani di Vincenzo -- La Patrouille Turque - Op. 83 / Theodor Michaelis -- Mes Adieux, Mache Militaire / Jean Beyens -- L'Album Musical - Mars 1904 / Various authors -- 1ère Valse / Auguste Durand -- Wien bleibt Wien! / Johann Schrammel -- Confidences, Valse pour Piano / J. Heymans -- Le Concert dans le fauillage Bluette - Op. 33 / Louis Gobbaerts -- Phaéton Poëme Symphonique - Op. 39 / Camille Saint-Saëns -- Ritournelle - Op. 83 / Cécile Chaminade -- Entracte-Pizzicato - Op. 39 / Francis Thomé -- Symphonie (Es dur) / Anton Urspruch
=610  \0$aAlbum Musica$1http://wikidata.org/entity/Q127520020$939432
=648  \0$a20th Century (1901-2000)$1http://www.wikidata.org/entity/Q6927$920936
=650  \0$aPiano$1http://www.wikidata.org/entity/Q5994$92127
=650  \0$aVoice$1http://www.wikidata.org/entity/Q7390$925199
=650  \0$aArrangement$1http://www.wikidata.org/entity/Q379755$94282
=650  \0$aSymphony$1http://www.wikidata.org/entity/Q9734$92527
=650  \0$aDance$1http://www.wikidata.org/entity/Q11639$1http://www.wikidata.org/entity/Q316930$924845
=651  \0$aParis (France)$1http://www.wikidata.org/entity/Q90$9160
=942  \\$cSCO
=952  \\$00$10$2ddc$3ORP-OI 001-023$40$6KTS_1_000000000000000_H_11_MAP_003$70$8RAR$923530$aORPH$bORPH$cKTS1_H$d2024-08-05$l0$oKTS1 H.11.map.003$p20143703$r2024-08-05 00:00:00$w2024-08-05$ySCO
=952  \\$00$10$2ddc$3ORP-OI1F001$40$6KTS_1_000000000000000_H_11_MAP_003$70$925036$aORPH$bORPH$cKTS1_H$d2024-08-05$l0$oKTS1 H.11.map.003$p20143703p1$r2024-08-05 00:00:00$w2024-08-05$ySCO$zLe Départ de la Fauvette - Broeck, Jacques De
=952  \\$00$10$2ddc$3ORP-OI1F002$40$6KTS_1_000000000000000_H_11_MAP_003$70$925037$aORPH$bORPH$cKTS1_H$d2024-08-05$l0$oKTS1 H.11.map.003$p20143703p2$r2024-08-05 00:00:00$w2024-08-05$ySCO$zLe Retour de la Fauvette - Broeck, Jacques De
=952  \\$00$10$2ddc$3ORP-OI1F003$40$6KTS_1_000000000000000_H_11_MAP_003$70$925038$aORPH$bORPH$cKTS1_H$d2024-08-05$l0$oKTS1 H.11.map.003$p20143703p3$r2024-08-05 00:00:00$w2024-08-05$ySCO$zHelenen Polka Mazurka - Op. 25 - Faust, Carl
=952  \\$00$10$2ddc$3ORP-OI1F004$40$6KTS_1_000000000000000_H_11_MAP_003$70$925039$aORPH$bORPH$cKTS1_H$d2024-08-05$l0$oKTS1 H.11.map.003$p20143703p4$r2024-08-05 00:00:00$w2024-08-05$ySCO$zQuatre Petites Pièces - Mailly, Alphonse
=952  \\$00$10$2ddc$3ORP-OI1F005$40$6KTS_1_000000000000000_H_11_MAP_003$70$925040$aORPH$bORPH$cKTS1_H$d2024-08-05$l0$oKTS1 H.11.map.003$p20143703p5$r2024-08-05 00:00:00$w2024-08-05$ySCO$zSix morceaux caractéristiques - Mailly, Alphonse
=952  \\$00$10$2ddc$3ORP-OI1F006$40$6KTS_1_000000000000000_H_11_MAP_003$70$925041$aORPH$bORPH$cKTS1_H$d2024-08-05$l0$oKTS1 H.11.map.003$p20143703p6$r2024-08-05 00:00:00$w2024-08-05$ySCO$zSix Mélodies - Knosp, Gaston
=952  \\$00$10$2ddc$3ORP-OI1F007$40$6KTS_1_000000000000000_H_11_MAP_003$70$925042$aORPH$bORPH$cKTS1_H$d2024-08-05$l0$oKTS1 H.11.map.003$p20143703p7$r2024-08-05 00:00:00$w2024-08-05$ySCO$zQuatre Morceaux - Maes, Louis
=952  \\$00$10$2ddc$3ORP-OI1F008$40$6KTS_1_000000000000000_H_11_MAP_003$70$925043$aORPH$bORPH$cKTS1_H$d2024-08-05$l0$oKTS1 H.11.map.003$p20143703p8$r2024-08-05 00:00:00$w2024-08-05$ySCO$zFaust, Opéra en 5 Actes, de Ch. Gounod - Ketterer, Eugène
=952  \\$00$10$2ddc$3ORP-OI1F009$40$6KTS_1_000000000000000_H_11_MAP_003$70$925044$aORPH$bORPH$cKTS1_H$d2024-08-05$l0$oKTS1 H.11.map.003$p20143703p9$r2024-08-05 00:00:00$w2024-08-05$ySCO$zAlbum Musica N. 31 - authors, Various
=952  \\$00$10$2ddc$3ORP-OI1F010$40$6KTS_1_000000000000000_H_11_MAP_003$70$925045$aORPH$bORPH$cKTS1_H$d2024-08-05$l0$oKTS1 H.11.map.003$p20143703p10$r2024-08-05 00:00:00$w2024-08-05$ySCO$zAlbum Musica N. 30 - authors, Various
=952  \\$00$10$2ddc$3ORP-OI1F011$40$6KTS_1_000000000000000_H_11_MAP_003$70$925046$aORPH$bORPH$cKTS1_H$d2024-08-05$l0$oKTS1 H.11.map.003$p20143703p11$r2024-08-05 00:00:00$w2024-08-05$ySCO$zGrande Valse de Salon sur Le Pardon de Ploërmel - Burgmüller, Friedrich
=952  \\$00$10$2ddc$3ORP-OI1F012$40$6KTS_1_000000000000000_H_11_MAP_003$70$925047$aORPH$bORPH$cKTS1_H$d2024-08-05$l0$oKTS1 H.11.map.003$p20143703p12$r2024-08-05 00:00:00$w2024-08-05$ySCO$zIllusioni - Capitani, Giuseppe di Vincenzo
=952  \\$00$10$2ddc$3ORP-OI1F013$40$6KTS_1_000000000000000_H_11_MAP_003$70$925048$aORPH$bORPH$cKTS1_H$d2024-08-05$l0$oKTS1 H.11.map.003$p20143703p13$r2024-08-05 00:00:00$w2024-08-05$ySCO$zLa Patrouille Turque - Op. 83 - Michaelis, Theodor
=952  \\$00$10$2ddc$3ORP-OI1F014$40$6KTS_1_000000000000000_H_11_MAP_003$70$925049$aORPH$bORPH$cKTS1_H$d2024-08-05$l0$oKTS1 H.11.map.003$p20143703p14$r2024-08-05 00:00:00$w2024-08-05$ySCO$zMes Adieux, Mache Militaire - Beyens, Jean
=952  \\$00$10$2ddc$3ORP-OI1F015$40$6KTS_1_000000000000000_H_11_MAP_003$70$925050$aORPH$bORPH$cKTS1_H$d2024-08-05$l0$oKTS1 H.11.map.003$p20143703p15$r2024-08-05 00:00:00$w2024-08-05$ySCO$zL'Album Musical - Mars 1904 - authors, Various
=952  \\$00$10$2ddc$3ORP-OI1F016$40$6KTS_1_000000000000000_H_11_MAP_003$70$925051$aORPH$bORPH$cKTS1_H$d2024-08-05$l0$oKTS1 H.11.map.003$p20143703p16$r2024-08-05 00:00:00$w2024-08-05$ySCO$z1ère Valse - Durand, Auguste
=952  \\$00$10$2ddc$3ORP-OI1F017$40$6KTS_1_000000000000000_H_11_MAP_003$70$925052$aORPH$bORPH$cKTS1_H$d2024-08-05$l0$oKTS1 H.11.map.003$p20143703p17$r2024-08-05 00:00:00$w2024-08-05$ySCO$zWien bleibt Wien! - Schrammel, Johann
=952  \\$00$10$2ddc$3ORP-OI1F018$40$6KTS_1_000000000000000_H_11_MAP_003$70$925053$aORPH$bORPH$cKTS1_H$d2024-08-05$l0$oKTS1 H.11.map.003$p20143703p18$r2024-08-05 00:00:00$w2024-08-05$ySCO$zConfidences, Valse pour Piano - Heymans, J.
=952  \\$00$10$2ddc$3ORP-OI1F019$40$6KTS_1_000000000000000_H_11_MAP_003$70$925054$aORPH$bORPH$cKTS1_H$d2024-08-05$l0$oKTS1 H.11.map.003$p20143703p19$r2024-08-05 00:00:00$w2024-08-05$ySCO$zLe Concert dans le fauillage Bluette  - Op. 33 - Gobbaerts, Louis
=952  \\$00$10$2ddc$3ORP-OI1F020$40$6KTS_1_000000000000000_H_11_MAP_003$70$925055$aORPH$bORPH$cKTS1_H$d2024-08-05$l0$oKTS1 H.11.map.003$p20143703p20$r2024-08-05 00:00:00$w2024-08-05$ySCO$zPhaéton Poëme Symphonique - Op. 39 - Saint-Saëns, Camille
=952  \\$00$10$2ddc$3ORP-OI1F021$40$6KTS_1_000000000000000_H_11_MAP_003$70$925056$aORPH$bORPH$cKTS1_H$d2024-08-05$l0$oKTS1 H.11.map.003$p20143703p21$r2024-08-05 00:00:00$w2024-08-05$ySCO$zRitournelle - Op. 83 - Chaminade, Cécile
=952  \\$00$10$2ddc$3ORP-OI1F022$40$6KTS_1_000000000000000_H_11_MAP_003$70$925057$aORPH$bORPH$cKTS1_H$d2024-08-05$l0$oKTS1 H.11.map.003$p20143703p22$r2024-08-05 00:00:00$w2024-08-05$ySCO$zEntracte-Pizzicato - Op. 39 - Thomé, Francis
=952  \\$00$10$2ddc$3ORP-OI1F023$40$6KTS_1_000000000000000_H_11_MAP_003$70$925058$aORPH$bORPH$cKTS1_H$d2024-08-05$l0$oKTS1 H.11.map.003$p20143703p23$r2024-08-05 00:00:00$w2024-08-05$ySCO$zSymphonie (Es dur) - Urspruch, Anton
=999  \\$d22185

