=LDR  15445ncm a22008657a 4500
=001  22186
=005  20250925143311.0
=008  240805b\\\\\\\\|||||l||\||||\00|\0\fre\d
=041  \\$afre
=245  \\$a[Collection of scores]$nMap 4
=500  \\$aMainly works (or arrangements) for piano or other keyboard instruments, as a solo instrument or in combination with voice.
=505  \\$gStradella. Potpourri, Piano Solo / Friedrich von Flotow -- Martha. Potpourri, Piano Solo / Friedrich von Flotow -- Die Mühle - Op. 17 No. 3 / Adolf Jensen -- Marlborough - Op. 42 / Lucien-Léon Guillaume Lambert -- El Turia. (Valse espagnole) / Denis Granado -- 2me Edition Grande Valse Brillante pour Piano - Op. 6 / Julius Schulhoff -- Le Soir tombe / Fournier Alix -- Eljen Czardas / Gustave Michiels -- La Lettre de Manon / Ernest Gillet -- En revenant de la revue. Marche, Polka / Louis-César Desormes -- Lohengrin. (Opern-Gallerie) - Op. 20 / Willibald Alexis -- Donau-Wellen-Walzer / Ioan Ivanovici -- Intermezzo (Pas des fleures) / Léo Delibes -- Le songe d'une nuit d'été / Ambroise Thomas -- La Hache d'Eustache. Chanson / Léopold Bourotte -- La Valse des Perles / Carlo d'Angelo -- Tramway. Galop Brillant. - Op. 37 / Louis Gobbaerts -- Les Fauvettes / Louis Bordèse -- Herminie. Mazurka / Eugène Braulart -- Histoire d'une Fleur / Marie Lassaveur -- Vole Vite / Florine Mouvielle -- Fantaisie sur le Carillonneur / Friedrich Burgmüller -- Le désir - Op. 14 / Henri Cramer -- Romance sans paroles - Op. 21 / Henri Cramer -- L'emploi de ma journée / Antoine Louis Clapisson -- En écoutant avec son coeur / Louis Pierre Deffès -- Emilie / Gustave de Revel -- Les lutins de Bretagne / Clara Pilet-Comettant -- Fauvette / Charles Dufaur de Montfort -- L'Aubépine / Elisa Bosch -- Mandoline / Charles Delioux -- Songe de Bonheur / Emile Ettling -- Le Bouquet / Eugène Talbot -- Le Livre du coeur / Eugène Delisle -- La Pervenche / Alfred Lenbigre-Duquesne -- Dieu le voit / Paul Henrion -- Chanson russe / D. Remiehleki -- Enfant, sais-tu? / Désiré-Moyse-Joseph Ikelmer -- L'Ouragan / Philip Musard -- Le Pinson / L. Rauis -- Le Corbeille de roses / George Sawanoff -- Le Mariage chinois / Charles-Henri Plantade -- Ninon / Alexandre Scola -- Thalie / Adrien Talexy -- Captivité / Paul Henrion -- 3 Polkas sur le Motifs de Lady Henriette / Friedrich Burgmüller -- Le Roi des montagnes / Henri Bohlman Sauzer -- Nelly / Antonin Aulagnier -- C'est le Frisson d'Amour / J. de Marny -- Pam Pam! Nouvelle Danse Créole / R. Fernandez -- Princesse d'Auberge / Jan Blockx
=610  \0$aLe Trésor des Demoiselles$1http://wikidata.org/entity/Q88565625$939431
=610  \0$aJournal des Demoiselles$1http://wikidata.org/entity/Q40163826$939430
=648  \0$a19th Century (1801-1900)$1http://www.wikidata.org/entity/Q6955$920935
=648  \0$a20th Century (1901-2000)$1http://www.wikidata.org/entity/Q6927$920936
=650  \0$aPiano$1http://www.wikidata.org/entity/Q5994$92127
=650  \0$aVoice$1http://www.wikidata.org/entity/Q7390$925199
=650  \0$aArrangement$1http://www.wikidata.org/entity/Q379755$94282
=650  \0$aDance$1http://www.wikidata.org/entity/Q11639$1http://www.wikidata.org/entity/Q316930$924845
=651  \0$aParis (France)$1http://www.wikidata.org/entity/Q90$9160
=942  \\$cSCO
=952  \\$00$10$2ddc$3ORP-OI 024-074$40$6KTS_1_000000000000000_H_11_MAP_004$70$8RAR$923531$aORPH$bORPH$cKTS1_H$d2024-08-05$l0$oKTS1 H.11.map.004$p20143702$r2024-08-05 00:00:00$w2024-08-05$ySCO
=952  \\$00$10$2ddc$3ORP-OI1F024$40$6KTS_1_000000000000000_H_11_MAP_004$70$925059$aORPH$bORPH$cKTS1_H$d2024-08-05$l0$oKTS1 H.11.map.004$p20143702p1$r2024-08-05 00:00:00$w2024-08-05$ySCO$zStradella. Potpourri, Piano Solo - von, Friedrich
=952  \\$00$10$2ddc$3ORP-OI1F025$40$6KTS_1_000000000000000_H_11_MAP_004$70$925060$aORPH$bORPH$cKTS1_H$d2024-08-05$l0$oKTS1 H.11.map.004$p20143702p2$r2024-08-05 00:00:00$w2024-08-05$ySCO$zMartha. Potpourri, Piano Solo - von, Friedrich
=952  \\$00$10$2ddc$3ORP-OI1F026$40$6KTS_1_000000000000000_H_11_MAP_004$70$925061$aORPH$bORPH$cKTS1_H$d2024-08-05$l0$oKTS1 H.11.map.004$p20143702p3$r2024-08-05 00:00:00$w2024-08-05$ySCO$zDie Mühle - Op. 17 No. 3 - Jensen, Adolf
=952  \\$00$10$2ddc$3ORP-OI1F027$40$6KTS_1_000000000000000_H_11_MAP_004$70$925062$aORPH$bORPH$cKTS1_H$d2024-08-05$l0$oKTS1 H.11.map.004$p20143702p4$r2024-08-05 00:00:00$w2024-08-05$ySCO$zMarlborough - Op. 42 - Guillaume, Lucien-Léon
=952  \\$00$10$2ddc$3ORP-OI1F028$40$6KTS_1_000000000000000_H_11_MAP_004$70$925063$aORPH$bORPH$cKTS1_H$d2024-08-05$l0$oKTS1 H.11.map.004$p20143702p5$r2024-08-05 00:00:00$w2024-08-05$ySCO$zEl Turia. (Valse espagnole) - Granado, Denis
=952  \\$00$10$2ddc$3ORP-OI1F029$40$6KTS_1_000000000000000_H_11_MAP_004$70$925064$aORPH$bORPH$cKTS1_H$d2024-08-05$l0$oKTS1 H.11.map.004$p20143702p6$r2024-08-05 00:00:00$w2024-08-05$ySCO$z2me Edition Grande Valse Brillante pour Piano - Op. 6 - Schulhoff, Julius
=952  \\$00$10$2ddc$3ORP-OI1F030$40$6KTS_1_000000000000000_H_11_MAP_004$70$925065$aORPH$bORPH$cKTS1_H$d2024-08-05$l0$oKTS1 H.11.map.004$p20143702p7$r2024-08-05 00:00:00$w2024-08-05$ySCO$zLe Soir tombe - Fournier, Alix
=952  \\$00$10$2ddc$3ORP-OI1F031$40$6KTS_1_000000000000000_H_11_MAP_004$70$925066$aORPH$bORPH$cKTS1_H$d2024-08-05$l0$oKTS1 H.11.map.004$p20143702p8$r2024-08-05 00:00:00$w2024-08-05$ySCO$zEljen Czardas - Michiels, Gustave
=952  \\$00$10$2ddc$3ORP-OI1F032$40$6KTS_1_000000000000000_H_11_MAP_004$70$925067$aORPH$bORPH$cKTS1_H$d2024-08-05$l0$oKTS1 H.11.map.004$p20143702p9$r2024-08-05 00:00:00$w2024-08-05$ySCO$zLa Lettre de Manon - Gillet, Ernest
=952  \\$00$10$2ddc$3ORP-OI1F033$40$6KTS_1_000000000000000_H_11_MAP_004$70$925068$aORPH$bORPH$cKTS1_H$d2024-08-05$l0$oKTS1 H.11.map.004$p20143702p10$r2024-08-05 00:00:00$w2024-08-05$ySCO$zEn revenant de la revue. Marche, Polka - Desormes, Louis-César
=952  \\$00$10$2ddc$3ORP-OI1F034$40$6KTS_1_000000000000000_H_11_MAP_004$70$925069$aORPH$bORPH$cKTS1_H$d2024-08-05$l0$oKTS1 H.11.map.004$p20143702p11$r2024-08-05 00:00:00$w2024-08-05$ySCO$zLohengrin. (Opern-Gallerie) - Op. 20 - Alexis, Willibald
=952  \\$00$10$2ddc$3ORP-OI1F035$40$6KTS_1_000000000000000_H_11_MAP_004$70$925070$aORPH$bORPH$cKTS1_H$d2024-08-05$l0$oKTS1 H.11.map.004$p20143702p12$r2024-08-05 00:00:00$w2024-08-05$ySCO$zDonau-Wellen-Walzer - Ivanovici, Ioan
=952  \\$00$10$2ddc$3ORP-OI1F036$40$6KTS_1_000000000000000_H_11_MAP_004$70$925071$aORPH$bORPH$cKTS1_H$d2024-08-05$l0$oKTS1 H.11.map.004$p20143702p13$r2024-08-05 00:00:00$w2024-08-05$ySCO$zIntermezzo (Pas des fleures) - Delibes, Léo
=952  \\$00$10$2ddc$3ORP-OI1F037$40$6KTS_1_000000000000000_H_11_MAP_004$70$925072$aORPH$bORPH$cKTS1_H$d2024-08-05$l0$oKTS1 H.11.map.004$p20143702p14$r2024-08-05 00:00:00$w2024-08-05$ySCO$zLe songe d'une nuit d'été - Thomas, Ambroise
=952  \\$00$10$2ddc$3ORP-OI1F038$40$6KTS_1_000000000000000_H_11_MAP_004$70$925073$aORPH$bORPH$cKTS1_H$d2024-08-05$l0$oKTS1 H.11.map.004$p20143702p15$r2024-08-05 00:00:00$w2024-08-05$ySCO$zLa Hache d'Eustache. Chanson - Bourotte, Léopold
=952  \\$00$10$2ddc$3ORP-OI1F039$40$6KTS_1_000000000000000_H_11_MAP_004$70$925074$aORPH$bORPH$cKTS1_H$d2024-08-05$l0$oKTS1 H.11.map.004$p20143702p16$r2024-08-05 00:00:00$w2024-08-05$ySCO$zLa Valse des Perles - d'Angelo, Carlo
=952  \\$00$10$2ddc$3ORP-OI1F040$40$6KTS_1_000000000000000_H_11_MAP_004$70$925075$aORPH$bORPH$cKTS1_H$d2024-08-05$l0$oKTS1 H.11.map.004$p20143702p17$r2024-08-05 00:00:00$w2024-08-05$ySCO$zTramway. Galop Brillant. - Op. 37 - Gobbaerts, Louis
=952  \\$00$10$2ddc$3ORP-OI1F041$40$6KTS_1_000000000000000_H_11_MAP_004$70$925076$aORPH$bORPH$cKTS1_H$d2024-08-05$l0$oKTS1 H.11.map.004$p20143702p18$r2024-08-05 00:00:00$w2024-08-05$ySCO$zLes Fauvettes - Bordèse, Louis
=952  \\$00$10$2ddc$3ORP-OI1F042$40$6KTS_1_000000000000000_H_11_MAP_004$70$925077$aORPH$bORPH$cKTS1_H$d2024-08-05$l0$oKTS1 H.11.map.004$p20143702p19$r2024-08-05 00:00:00$w2024-08-05$ySCO$zHerminie. Mazurka - Braulart, Eugène
=952  \\$00$10$2ddc$3ORP-OI1F043$40$6KTS_1_000000000000000_H_11_MAP_004$70$925078$aORPH$bORPH$cKTS1_H$d2024-08-05$l0$oKTS1 H.11.map.004$p20143702p20$r2024-08-05 00:00:00$w2024-08-05$ySCO$zHistoire d'une Fleur - Lassaveur, Marie
=952  \\$00$10$2ddc$3ORP-OI1F044$40$6KTS_1_000000000000000_H_11_MAP_004$70$925079$aORPH$bORPH$cKTS1_H$d2024-08-05$l0$oKTS1 H.11.map.004$p20143702p21$r2024-08-05 00:00:00$w2024-08-05$ySCO$zVole Vite - Mouvielle, Florine
=952  \\$00$10$2ddc$3ORP-OI1F045$40$6KTS_1_000000000000000_H_11_MAP_004$70$925080$aORPH$bORPH$cKTS1_H$d2024-08-05$l0$oKTS1 H.11.map.004$p20143702p22$r2024-08-05 00:00:00$w2024-08-05$ySCO$zFantaisie sur le Carillonneur - Burgmüller, Friedrich
=952  \\$00$10$2ddc$3ORP-OI1F046$40$6KTS_1_000000000000000_H_11_MAP_004$70$925081$aORPH$bORPH$cKTS1_H$d2024-08-05$l0$oKTS1 H.11.map.004$p20143702p23$r2024-08-05 00:00:00$w2024-08-05$ySCO$zLe désir - Op. 14 - Cramer, Henri
=952  \\$00$10$2ddc$3ORP-OI1F047$40$6KTS_1_000000000000000_H_11_MAP_004$70$925082$aORPH$bORPH$cKTS1_H$d2024-08-05$l0$oKTS1 H.11.map.004$p20143702p24$r2024-08-05 00:00:00$w2024-08-05$ySCO$zRomance sans paroles - Op. 21 - Cramer, Henri
=952  \\$00$10$2ddc$3ORP-OI1F048$40$6KTS_1_000000000000000_H_11_MAP_004$70$925083$aORPH$bORPH$cKTS1_H$d2024-08-05$l0$oKTS1 H.11.map.004$p20143702p25$r2024-08-05 00:00:00$w2024-08-05$ySCO$zL'emploi de ma journée - Clapisson, Antoine Louis
=952  \\$00$10$2ddc$3ORP-OI1F049$40$6KTS_1_000000000000000_H_11_MAP_004$70$925084$aORPH$bORPH$cKTS1_H$d2024-08-05$l0$oKTS1 H.11.map.004$p20143702p26$r2024-08-05 00:00:00$w2024-08-05$ySCO$zEn écoutant avec son coeur - Pierre, Louis
=952  \\$00$10$2ddc$3ORP-OI1F050$40$6KTS_1_000000000000000_H_11_MAP_004$70$925085$aORPH$bORPH$cKTS1_H$d2024-08-05$l0$oKTS1 H.11.map.004$p20143702p27$r2024-08-05 00:00:00$w2024-08-05$ySCO$zEmilie - Revel, Gustave de
=952  \\$00$10$2ddc$3ORP-OI1F051$40$6KTS_1_000000000000000_H_11_MAP_004$70$925086$aORPH$bORPH$cKTS1_H$d2024-08-05$l0$oKTS1 H.11.map.004$p20143702p28$r2024-08-05 00:00:00$w2024-08-05$ySCO$zLes lutins de Bretagne - Pilet-Comettant, Clara
=952  \\$00$10$2ddc$3ORP-OI1F052$40$6KTS_1_000000000000000_H_11_MAP_004$70$925087$aORPH$bORPH$cKTS1_H$d2024-08-05$l0$oKTS1 H.11.map.004$p20143702p29$r2024-08-05 00:00:00$w2024-08-05$ySCO$zFauvette - Dufaur, Charles
=952  \\$00$10$2ddc$3ORP-OI1F053$40$6KTS_1_000000000000000_H_11_MAP_004$70$925088$aORPH$bORPH$cKTS1_H$d2024-08-05$l0$oKTS1 H.11.map.004$p20143702p30$r2024-08-05 00:00:00$w2024-08-05$ySCO$zL'Aubépine - Bosch, Elisa
=952  \\$00$10$2ddc$3ORP-OI1F054$40$6KTS_1_000000000000000_H_11_MAP_004$70$925089$aORPH$bORPH$cKTS1_H$d2024-08-05$l0$oKTS1 H.11.map.004$p20143702p31$r2024-08-05 00:00:00$w2024-08-05$ySCO$zMandoline - Delioux, Charles
=952  \\$00$10$2ddc$3ORP-OI1F055$40$6KTS_1_000000000000000_H_11_MAP_004$70$925090$aORPH$bORPH$cKTS1_H$d2024-08-05$l0$oKTS1 H.11.map.004$p20143702p32$r2024-08-05 00:00:00$w2024-08-05$ySCO$zSonge de Bonheur - Ettling, Emile
=952  \\$00$10$2ddc$3ORP-OI1F056$40$6KTS_1_000000000000000_H_11_MAP_004$70$925091$aORPH$bORPH$cKTS1_H$d2024-08-05$l0$oKTS1 H.11.map.004$p20143702p33$r2024-08-05 00:00:00$w2024-08-05$ySCO$zLe Bouquet - Talbot, Eugène
=952  \\$00$10$2ddc$3ORP-OI1F057$40$6KTS_1_000000000000000_H_11_MAP_004$70$925092$aORPH$bORPH$cKTS1_H$d2024-08-05$l0$oKTS1 H.11.map.004$p20143702p34$r2024-08-05 00:00:00$w2024-08-05$ySCO$zLe Livre du coeur - Delisle, Eugène
=952  \\$00$10$2ddc$3ORP-OI1F058$40$6KTS_1_000000000000000_H_11_MAP_004$70$925093$aORPH$bORPH$cKTS1_H$d2024-08-05$l0$oKTS1 H.11.map.004$p20143702p35$r2024-08-05 00:00:00$w2024-08-05$ySCO$zLa Pervenche - Lenbigre-Duquesne, Alfred
=952  \\$00$10$2ddc$3ORP-OI1F059$40$6KTS_1_000000000000000_H_11_MAP_004$70$925094$aORPH$bORPH$cKTS1_H$d2024-08-05$l0$oKTS1 H.11.map.004$p20143702p36$r2024-08-05 00:00:00$w2024-08-05$ySCO$zDieu le voit - Henrion, Paul
=952  \\$00$10$2ddc$3ORP-OI1F060$40$6KTS_1_000000000000000_H_11_MAP_004$70$925095$aORPH$bORPH$cKTS1_H$d2024-08-05$l0$oKTS1 H.11.map.004$p20143702p37$r2024-08-05 00:00:00$w2024-08-05$ySCO$zChanson russe - Remiehleki, D.
=952  \\$00$10$2ddc$3ORP-OI1F061$40$6KTS_1_000000000000000_H_11_MAP_004$70$925096$aORPH$bORPH$cKTS1_H$d2024-08-05$l0$oKTS1 H.11.map.004$p20143702p38$r2024-08-05 00:00:00$w2024-08-05$ySCO$zEnfant, sais-tu? - Ikelmer, Désiré-Moyse-Joseph
=952  \\$00$10$2ddc$3ORP-OI1F062$40$6KTS_1_000000000000000_H_11_MAP_004$70$925097$aORPH$bORPH$cKTS1_H$d2024-08-05$l0$oKTS1 H.11.map.004$p20143702p39$r2024-08-05 00:00:00$w2024-08-05$ySCO$zL'Ouragan - Musard, Philip
=952  \\$00$10$2ddc$3ORP-OI1F063$40$6KTS_1_000000000000000_H_11_MAP_004$70$925098$aORPH$bORPH$cKTS1_H$d2024-08-05$l0$oKTS1 H.11.map.004$p20143702p40$r2024-08-05 00:00:00$w2024-08-05$ySCO$zLe Pinson - Rauis, L.
=952  \\$00$10$2ddc$3ORP-OI1F064$40$6KTS_1_000000000000000_H_11_MAP_004$70$925099$aORPH$bORPH$cKTS1_H$d2024-08-05$l0$oKTS1 H.11.map.004$p20143702p41$r2024-08-05 00:00:00$w2024-08-05$ySCO$zLe Corbeille de roses - Sawanoff, George
=952  \\$00$10$2ddc$3ORP-OI1F065$40$6KTS_1_000000000000000_H_11_MAP_004$70$925100$aORPH$bORPH$cKTS1_H$d2024-08-05$l0$oKTS1 H.11.map.004$p20143702p42$r2024-08-05 00:00:00$w2024-08-05$ySCO$zLe Mariage chinois - Plantade, Charles-Henri
=952  \\$00$10$2ddc$3ORP-OI1F066$40$6KTS_1_000000000000000_H_11_MAP_004$70$925101$aORPH$bORPH$cKTS1_H$d2024-08-05$l0$oKTS1 H.11.map.004$p20143702p43$r2024-08-05 00:00:00$w2024-08-05$ySCO$zNinon - Scola, Alexandre
=952  \\$00$10$2ddc$3ORP-OI1F067$40$6KTS_1_000000000000000_H_11_MAP_004$70$925102$aORPH$bORPH$cKTS1_H$d2024-08-05$l0$oKTS1 H.11.map.004$p20143702p44$r2024-08-05 00:00:00$w2024-08-05$ySCO$zThalie - Talexy, Adrien
=952  \\$00$10$2ddc$3ORP-OI1F068$40$6KTS_1_000000000000000_H_11_MAP_004$70$925103$aORPH$bORPH$cKTS1_H$d2024-08-05$l0$oKTS1 H.11.map.004$p20143702p45$r2024-08-05 00:00:00$w2024-08-05$ySCO$zCaptivité - Henrion, Paul
=952  \\$00$10$2ddc$3ORP-OI1F069$40$6KTS_1_000000000000000_H_11_MAP_004$70$925104$aORPH$bORPH$cKTS1_H$d2024-08-05$l0$oKTS1 H.11.map.004$p20143702p46$r2024-08-05 00:00:00$w2024-08-05$ySCO$z3 Polkas sur le Motifs de Lady Henriette - Burgmüller, Friedrich
=952  \\$00$10$2ddc$3ORP-OI1F070$40$6KTS_1_000000000000000_H_11_MAP_004$70$925105$aORPH$bORPH$cKTS1_H$d2024-08-05$l0$oKTS1 H.11.map.004$p20143702p47$r2024-08-05 00:00:00$w2024-08-05$ySCO$zLe Roi des montagnes - Sauzer, Henri Bohlman
=952  \\$00$10$2ddc$3ORP-OI1F071$40$6KTS_1_000000000000000_H_11_MAP_004$70$925106$aORPH$bORPH$cKTS1_H$d2024-08-05$l0$oKTS1 H.11.map.004$p20143702p48$r2024-08-05 00:00:00$w2024-08-05$ySCO$zNelly - Aulagnier, Antonin
=952  \\$00$10$2ddc$3ORP-OI1F072$40$6KTS_1_000000000000000_H_11_MAP_004$70$925107$aORPH$bORPH$cKTS1_H$d2024-08-05$l0$oKTS1 H.11.map.004$p20143702p49$r2024-08-05 00:00:00$w2024-08-05$ySCO$zC'est le Frisson d'Amour - Marny, J. de
=952  \\$00$10$2ddc$3ORP-OI1F073$40$6KTS_1_000000000000000_H_11_MAP_004$70$925108$aORPH$bORPH$cKTS1_H$d2024-08-05$l0$oKTS1 H.11.map.004$p20143702p50$r2024-08-05 00:00:00$w2024-08-05$ySCO$zPam Pam! Nouvelle Danse Créole - Fernandez, R.
=952  \\$00$10$2ddc$3ORP-OI1F074$40$6KTS_1_000000000000000_H_11_MAP_004$70$925109$aORPH$bORPH$cKTS1_H$d2024-08-05$l0$oKTS1 H.11.map.004$p20143702p51$r2024-08-05 00:00:00$w2024-08-05$ySCO$zPrincesse d'Auberge - Blockx, Jan
=999  \\$d22186

