=LDR  06257ncm a22004577a 4500
=001  22187
=005  20250925143311.0
=008  240805b\\\\\\\\|||||l||\||||\00|\0\fre\d
=041  \\$afre
=245  \\$a[Collection of scores]$nMap 5
=500  \\$aMainly works (or arrangements) for piano or other keyboard instruments, as a solo instrument or in combination with voice. Also includes some Etudes and methods for singing and playing the flute.
=505  \\$gThree Organ Pieces / Alphonse Mailly -- $gAlbum Musica 1903-05: Souvenir a Élise / Ludwig van Beethoven -- Loin d'elle / Ludwig van Beethoven -- Feuille d'album / Ludwig van Beethoven -- Bagatelle / Ludwig van Beethoven -- Ballade de "Mignon" / Ludwig van Beethoven -- Polonaise /Ludwig van Beethoven -- Adagio (de la sonate Au Clair de Lune) / Ludwig van Beethoven -- Rondo (de la sonate pour Piano) / Ludwig van Beethoven $gTanzkranz. 16 leichte Tänze. N. 1-16 in Band 1 / Carl Aal -- Bilits. Comédie Lyrique en deux actes et trois tableaux / Albert Dupuis -- Album dédié à la Jeunesse / Stephen Heller -- Etudes. Cah. II. / Johann Baptist Cramer -- Méthode élémentaire de chant. pour voix de Baryton ou Basse / Louis Bordèse -- Vorbereitungs-Schule zum Erlernen des Flötenspiels. Op. 359 / Wilhelm Popp -- Douze études caractéristiques de concert. Op. 2 / Adolf von Henselt
=610  \0$aAlbum Musica$1http://wikidata.org/entity/Q127520020$939432
=648  \0$a19th Century (1801-1900)$1http://www.wikidata.org/entity/Q6955$920935
=648  \0$a20th Century (1901-2000)$1http://www.wikidata.org/entity/Q6927$920936
=650  \0$aPiano$1http://www.wikidata.org/entity/Q5994$92127
=650  \0$aVoice$1http://www.wikidata.org/entity/Q7390$925199
=650  \0$aArrangement$1http://www.wikidata.org/entity/Q379755$94282
=650  \0$aDance$1http://www.wikidata.org/entity/Q11639$1http://www.wikidata.org/entity/Q316930$924845
=650  \0$aÉtude$1http://www.wikidata.org/entity/Q207841$924650
=650  \0$aFlute$1http://www.wikidata.org/entity/Q11405$921276
=651  \0$aParis (France)$1http://www.wikidata.org/entity/Q90$9160
=942  \\$cSCO
=952  \\$00$10$2ddc$3ORP-OI 143-158$40$6KTS_1_000000000000000_H_11_MAP_005$70$8RAR$923532$aORPH$bORPH$cKTS1_H$d2024-08-05$l0$oKTS1 H.11.map.005$p20143701$r2024-08-05 00:00:00$w2024-08-05$ySCO
=952  \\$00$10$2ddc$3ORP-OI1F143$40$6KTS_1_000000000000000_H_11_MAP_005$70$925110$aORPH$bORPH$cKTS1_H$d2024-08-05$l0$oKTS1 H.11.map.005$p20143701p1$r2024-08-05 00:00:00$w2024-08-05$ySCO$zThree Organ Pieces - Mailly, Alphonse
=952  \\$00$10$2ddc$3ORP-OI1F144$40$6KTS_1_000000000000000_H_11_MAP_005$70$925111$aORPH$bORPH$cKTS1_H$d2024-08-05$l0$oKTS1 H.11.map.005$p20143701p2$r2024-08-05 00:00:00$w2024-08-05$ySCO$zSouvenir a Élise - Beethoven, Ludwig van
=952  \\$00$10$2ddc$3ORP-OI1F145$40$6KTS_1_000000000000000_H_11_MAP_005$70$925112$aORPH$bORPH$cKTS1_H$d2024-08-05$l0$oKTS1 H.11.map.005$p20143701p3$r2024-08-05 00:00:00$w2024-08-05$ySCO$zLoin d'elle - Beethoven, Ludwig van
=952  \\$00$10$2ddc$3ORP-OI1F146$40$6KTS_1_000000000000000_H_11_MAP_005$70$925113$aORPH$bORPH$cKTS1_H$d2024-08-05$l0$oKTS1 H.11.map.005$p20143701p4$r2024-08-05 00:00:00$w2024-08-05$ySCO$zFeuille d'album - Beethoven, Ludwig van
=952  \\$00$10$2ddc$3ORP-OI1F147$40$6KTS_1_000000000000000_H_11_MAP_005$70$925114$aORPH$bORPH$cKTS1_H$d2024-08-05$l0$oKTS1 H.11.map.005$p20143701p5$r2024-08-05 00:00:00$w2024-08-05$ySCO$zBagatelle - Beethoven, Ludwig van
=952  \\$00$10$2ddc$3ORP-OI1F148$40$6KTS_1_000000000000000_H_11_MAP_005$70$925115$aORPH$bORPH$cKTS1_H$d2024-08-05$l0$oKTS1 H.11.map.005$p20143701p6$r2024-08-05 00:00:00$w2024-08-05$ySCO$zBallade de "Mignon" - Beethoven, Ludwig van
=952  \\$00$10$2ddc$3ORP-OI1F149$40$6KTS_1_000000000000000_H_11_MAP_005$70$925116$aORPH$bORPH$cKTS1_H$d2024-08-05$l0$oKTS1 H.11.map.005$p20143701p7$r2024-08-05 00:00:00$w2024-08-05$ySCO$zPolonaise - Beethoven, Ludwig van
=952  \\$00$10$2ddc$3ORP-OI1F150$40$6KTS_1_000000000000000_H_11_MAP_005$70$925117$aORPH$bORPH$cKTS1_H$d2024-08-05$l0$oKTS1 H.11.map.005$p20143701p8$r2024-08-05 00:00:00$w2024-08-05$ySCO$zAdagio (de la sonate Au Clair de Lune) - Beethoven, Ludwig van
=952  \\$00$10$2ddc$3ORP-OI1F151$40$6KTS_1_000000000000000_H_11_MAP_005$70$925118$aORPH$bORPH$cKTS1_H$d2024-08-05$l0$oKTS1 H.11.map.005$p20143701p9$r2024-08-05 00:00:00$w2024-08-05$ySCO$zRondo (de la sonate pour Piano) - Beethoven, Ludwig van
=952  \\$00$10$2ddc$3ORP-OI1F152$40$6KTS_1_000000000000000_H_11_MAP_005$70$925119$aORPH$bORPH$cKTS1_H$d2024-08-05$l0$oKTS1 H.11.map.005$p20143701p10$r2024-08-05 00:00:00$w2024-08-05$ySCO$zTanzkranz. 16 leichte Tänze. N. 1-16 in Band 1 - Aal, Carl
=952  \\$00$10$2ddc$3ORP-OI1F153$40$6KTS_1_000000000000000_H_11_MAP_005$70$925120$aORPH$bORPH$cKTS1_H$d2024-08-05$l0$oKTS1 H.11.map.005$p20143701p11$r2024-08-05 00:00:00$w2024-08-05$ySCO$zBilitis. Comédie Lyrique en deux actes et trois tableaux - Dupuis, Albert
=952  \\$00$10$2ddc$3ORP-OI1F154$40$6KTS_1_000000000000000_H_11_MAP_005$70$925121$aORPH$bORPH$cKTS1_H$d2024-08-05$l0$oKTS1 H.11.map.005$p20143701p12$r2024-08-05 00:00:00$w2024-08-05$ySCO$zAlbum dédié à la Jeunesse - Heller, Stephen
=952  \\$00$10$2ddc$3ORP-OI1F155$40$6KTS_1_000000000000000_H_11_MAP_005$70$925122$aORPH$bORPH$cKTS1_H$d2024-08-05$l0$oKTS1 H.11.map.005$p20143701p13$r2024-08-05 00:00:00$w2024-08-05$ySCO$zEtudes. Cah. II. - Cramer, Johann Baptist
=952  \\$00$10$2ddc$3ORP-OI1F156$40$6KTS_1_000000000000000_H_11_MAP_005$70$925123$aORPH$bORPH$cKTS1_H$d2024-08-05$l0$oKTS1 H.11.map.005$p20143701p14$r2024-08-05 00:00:00$w2024-08-05$ySCO$zMéthode élémentaire de chant. pour voix de Baryton ou Basse - Bordèse, Louis
=952  \\$00$10$2ddc$3ORP-OI1F157$40$6KTS_1_000000000000000_H_11_MAP_005$70$925124$aORPH$bORPH$cKTS1_H$d2024-08-05$l0$oKTS1 H.11.map.005$p20143701p15$r2024-08-05 00:00:00$w2024-08-05$ySCO$zVorbereitungs-Schule zum Erlernen des Flötenspiels. Op. 359 - Popp, Wilhelm
=952  \\$00$10$2ddc$3ORP-OI1F158$40$6KTS_1_000000000000000_H_11_MAP_005$70$925125$aORPH$bORPH$cKTS1_H$d2024-08-05$l0$oKTS1 H.11.map.005$p20143701p16$r2024-08-05 00:00:00$w2024-08-05$ySCO$zDouze études caractéristiques de concert. Op. 2 - Henselt, Adolf von
=999  \\$d22187

