=LDR  16498ncm a22009017a 4500
=001  22188
=005  20250925143311.0
=008  240805b\\\\\\\\|||||l||\||||\00|\0\fre\d
=041  \\$afre
=245  \\$a[Collection of scores]$nMap 6
=500  \\$aMainly works (or arrangements) for orchestra or piano and voice.
=505  \\$gTrauermarsch. aus der Sonate Op. 35 / Frédéric Chopin -- Tarantelle. Op. 12 / César Cui -- Divertissement. pour Orchestre / Edouard Lalo -- Dimanche / Gabriel Fauré -- Cake-Walk / Kerry Mills -- L'Étranger / Vincent d'Indy -- Madrigal / Vincent d'Indy -- Titiana / Georges Hüe -- Le chien du régiment / Louis Varney -- Rigaudon provençal / Charles de Sivry -- Dormez, Ninon! / Paul Wachs -- Doux entretien. Boston / Louis-Antoine Dubost -- Mélodie. pour violon et piano / Dezső Lederer -- La patrie du petit Paul / Étienne Perrin -- Muguette / Edmond Missa -- La Statue / Ernest Reyer -- Chant d'Avril / Eugène Anthiome -- Approche du printemps / Emil von Sauer -- Ave Maria. pour Soprano ou Tenor, avec accompagnement d'Orgue / Adolphe Deslandres -- Gavotte des duchesses / E. Letang -- Sérénade japonaise. Tanka japonais / Jane Vieu -- Circé. Hymne a Pallas / Raoul Émile Blondel -- La Petite maison / William Chaumet -- Henri VIII / Camille Saint-Saëns -- Les Fleurs qui volent / Suzanne Percheron -- Préludes humoristiques. N. 1 / M. E. Gignoux -- Jeunesse! / Oscar de Lagoanère -- Sérénade mutine. Piece humoristique / Jean Gabriel Marie -- Air national de Serbie / Ferdinand Beyer -- Armonia / Eugène Ketterer -- Nec fatalia / Julia Sureau-Bellet -- Les Nuages / Xavier Privas -- Après l'orage / Gaston Roux -- Trois chansons bretonnes. Chanson de la Douce (III) / Henry Waelès -- Petit Mari - Petite femme. 5 Pièces pour piano a 4 mains / Edmond Arnaud -- Madrigal / Henry Guilhaud -- Le Papillon. (Étude de légeté). Op. 12 / J. Vogel -- Crépuscule / Léo d'Ageni -- Si vous n'avez rien a me dire. Chanson / Eugène Anthiome -- Trois pièces pour le piano. Mystique / Bernard Crocé-Spinelli -- Sur les flots / Louis Bédouin -- La Tosca. Le ciel luisait d'étoiles / Giacomo Puccini -- Pensée d'automne / Gaston Paulin -- Nouveauté-marche / Otto Victor Schiff -- Mascarade. Scènes Fantaisistes. Op. 24 N. / Edmond Laurens -- La Flamenca. Chanson havanaise de la Flamenca / Lucien-Léon Guillaume Lambert -- Landler / Gustave Sandré -- Pièce pour harmonium / Henri Letocart -- Sardanapale. Air de Myrrha, chanté par Mlle Nilsson / Victorin de Joncières -- Impromptu-valse. En sol mineur / Émile Köhler -- Ronde enfantine / Marcel Samuel-Rousseau -- Barchetta. Op. 21 N. 3 / Ethelbert Nevin -- Le Nouveau-né / Alfred Bruneau -- Carillon / Jules Massenet -- Ermunterungen: kleine Stücke über beliebte Kinderlieder, Volksweisen und Opernmelodien / Franz Görner
=610  \0$aL'Illustration$1http://wikidata.org/entity/Q1311350$939422
=648  \0$a19th Century (1801-1900)$1http://www.wikidata.org/entity/Q6955$920935
=648  \0$a20th Century (1901-2000)$1http://www.wikidata.org/entity/Q6927$920936
=650  \0$aOrchestral music$1http://www.wikidata.org/entity/Q3328774$924356
=650  \0$aPiano$1http://www.wikidata.org/entity/Q5994$92127
=650  \0$aVoice$1http://www.wikidata.org/entity/Q7390$925199
=650  \0$aArrangement$1http://www.wikidata.org/entity/Q379755$94282
=650  \0$aDance$1http://www.wikidata.org/entity/Q11639$1http://www.wikidata.org/entity/Q316930$924845
=651  \0$aParis (France)$1http://www.wikidata.org/entity/Q90$9160
=942  \\$cSCO
=952  \\$00$10$2ddc$3ORP-OI 159-212$40$6KTS_1_000000000000000_H_11_MAP_006$70$8RAR$923533$aORPH$bORPH$cKTS1_H$d2024-08-05$l0$oKTS1 H.11.map.006$p20143700$r2024-08-05 00:00:00$w2024-08-05$ySCO
=952  \\$00$10$2ddc$3ORP-OI1F159$40$6KTS_1_000000000000000_H_11_MAP_006$70$925126$aORPH$bORPH$cKTS1_H$d2024-08-05$l0$oKTS1 H.11.map.006$p20143700p1$r2024-08-05 00:00:00$w2024-08-05$ySCO$zTrauermarsch. aus der Sonate Op. 35 - Chopin, Frédéric
=952  \\$00$10$2ddc$3ORP-OI1F160$40$6KTS_1_000000000000000_H_11_MAP_006$70$925127$aORPH$bORPH$cKTS1_H$d2024-08-05$l0$oKTS1 H.11.map.006$p20143700p2$r2024-08-05 00:00:00$w2024-08-05$ySCO$zTarantelle. Op. 12 - Cui, César
=952  \\$00$10$2ddc$3ORP-OI1F161$40$6KTS_1_000000000000000_H_11_MAP_006$70$925128$aORPH$bORPH$cKTS1_H$d2024-08-05$l0$oKTS1 H.11.map.006$p20143700p3$r2024-08-05 00:00:00$w2024-08-05$ySCO$zDivertissement. pour Orchestre - Lalo, Edouard
=952  \\$00$10$2ddc$3ORP-OI1F162$40$6KTS_1_000000000000000_H_11_MAP_006$70$925129$aORPH$bORPH$cKTS1_H$d2024-08-05$l0$oKTS1 H.11.map.006$p20143700p4$r2024-08-05 00:00:00$w2024-08-05$ySCO$zDimanche - Fauré, Gabriel
=952  \\$00$10$2ddc$3ORP-OI1F163$40$6KTS_1_000000000000000_H_11_MAP_006$70$925130$aORPH$bORPH$cKTS1_H$d2024-08-05$l0$oKTS1 H.11.map.006$p20143700p5$r2024-08-05 00:00:00$w2024-08-05$ySCO$zCake-Walk - Mills, Kerry
=952  \\$00$10$2ddc$3ORP-OI1F164$40$6KTS_1_000000000000000_H_11_MAP_006$70$925131$aORPH$bORPH$cKTS1_H$d2024-08-05$l0$oKTS1 H.11.map.006$p20143700p6$r2024-08-05 00:00:00$w2024-08-05$ySCO$zL'Étranger - d'Indy, Vincent
=952  \\$00$10$2ddc$3ORP-OI1F165$40$6KTS_1_000000000000000_H_11_MAP_006$70$925132$aORPH$bORPH$cKTS1_H$d2024-08-05$l0$oKTS1 H.11.map.006$p20143700p7$r2024-08-05 00:00:00$w2024-08-05$ySCO$zMadrigal - d'Indy, Vincent
=952  \\$00$10$2ddc$3ORP-OI1F166$40$6KTS_1_000000000000000_H_11_MAP_006$70$925133$aORPH$bORPH$cKTS1_H$d2024-08-05$l0$oKTS1 H.11.map.006$p20143700p8$r2024-08-05 00:00:00$w2024-08-05$ySCO$zTitiana - Hüe, Georges
=952  \\$00$10$2ddc$3ORP-OI1F167$40$6KTS_1_000000000000000_H_11_MAP_006$70$925134$aORPH$bORPH$cKTS1_H$d2024-08-05$l0$oKTS1 H.11.map.006$p20143700p9$r2024-08-05 00:00:00$w2024-08-05$ySCO$zLe chien du régiment - Varney, Louis
=952  \\$00$10$2ddc$3ORP-OI1F168$40$6KTS_1_000000000000000_H_11_MAP_006$70$925135$aORPH$bORPH$cKTS1_H$d2024-08-05$l0$oKTS1 H.11.map.006$p20143700p10$r2024-08-05 00:00:00$w2024-08-05$ySCO$zRigaudon provençal - Sivry, Charles de
=952  \\$00$10$2ddc$3ORP-OI1F169$40$6KTS_1_000000000000000_H_11_MAP_006$70$925136$aORPH$bORPH$cKTS1_H$d2024-08-05$l0$oKTS1 H.11.map.006$p20143700p11$r2024-08-05 00:00:00$w2024-08-05$ySCO$zDormez, Ninon! - Wachs, Paul
=952  \\$00$10$2ddc$3ORP-OI1F170$40$6KTS_1_000000000000000_H_11_MAP_006$70$925137$aORPH$bORPH$cKTS1_H$d2024-08-05$l0$oKTS1 H.11.map.006$p20143700p12$r2024-08-05 00:00:00$w2024-08-05$ySCO$zDoux entretien. Boston - Dubost, Louis-Antoine
=952  \\$00$10$2ddc$3ORP-OI1F171$40$6KTS_1_000000000000000_H_11_MAP_006$70$925138$aORPH$bORPH$cKTS1_H$d2024-08-05$l0$oKTS1 H.11.map.006$p20143700p13$r2024-08-05 00:00:00$w2024-08-05$ySCO$zMélodie. pour violon et piano - Lederer, Dezső
=952  \\$00$10$2ddc$3ORP-OI1F172$40$6KTS_1_000000000000000_H_11_MAP_006$70$925139$aORPH$bORPH$cKTS1_H$d2024-08-05$l0$oKTS1 H.11.map.006$p20143700p14$r2024-08-05 00:00:00$w2024-08-05$ySCO$zLa patrie du petit Paul - Perrin, Étienne
=952  \\$00$10$2ddc$3ORP-OI1F173$40$6KTS_1_000000000000000_H_11_MAP_006$70$925140$aORPH$bORPH$cKTS1_H$d2024-08-05$l0$oKTS1 H.11.map.006$p20143700p15$r2024-08-05 00:00:00$w2024-08-05$ySCO$zMuguette - Missa, Edmond
=952  \\$00$10$2ddc$3ORP-OI1F174$40$6KTS_1_000000000000000_H_11_MAP_006$70$925141$aORPH$bORPH$cKTS1_H$d2024-08-05$l0$oKTS1 H.11.map.006$p20143700p16$r2024-08-05 00:00:00$w2024-08-05$ySCO$zLa Statue - Reyer, Ernest
=952  \\$00$10$2ddc$3ORP-OI1F175$40$6KTS_1_000000000000000_H_11_MAP_006$70$925142$aORPH$bORPH$cKTS1_H$d2024-08-05$l0$oKTS1 H.11.map.006$p20143700p17$r2024-08-05 00:00:00$w2024-08-05$ySCO$zChant d'Avril - Anthiome, Eugène
=952  \\$00$10$2ddc$3ORP-OI1F176$40$6KTS_1_000000000000000_H_11_MAP_006$70$925143$aORPH$bORPH$cKTS1_H$d2024-08-05$l0$oKTS1 H.11.map.006$p20143700p18$r2024-08-05 00:00:00$w2024-08-05$ySCO$zApproche du printemps - Sauer, Emil von
=952  \\$00$10$2ddc$3ORP-OI1F177$40$6KTS_1_000000000000000_H_11_MAP_006$70$925144$aORPH$bORPH$cKTS1_H$d2024-08-05$l0$oKTS1 H.11.map.006$p20143700p19$r2024-08-05 00:00:00$w2024-08-05$ySCO$zAve Maria. pour Soprano ou Tenor, avec accompagnement d'Orgue - Deslandres, Adolphe
=952  \\$00$10$2ddc$3ORP-OI1F178$40$6KTS_1_000000000000000_H_11_MAP_006$70$925145$aORPH$bORPH$cKTS1_H$d2024-08-05$l0$oKTS1 H.11.map.006$p20143700p20$r2024-08-05 00:00:00$w2024-08-05$ySCO$zGavotte des duchesses - Letang, E.
=952  \\$00$10$2ddc$3ORP-OI1F179$40$6KTS_1_000000000000000_H_11_MAP_006$70$925146$aORPH$bORPH$cKTS1_H$d2024-08-05$l0$oKTS1 H.11.map.006$p20143700p21$r2024-08-05 00:00:00$w2024-08-05$ySCO$zSérénade japonaise. Tanka japonais - Vieu, Jane
=952  \\$00$10$2ddc$3ORP-OI1F180$40$6KTS_1_000000000000000_H_11_MAP_006$70$925147$aORPH$bORPH$cKTS1_H$d2024-08-05$l0$oKTS1 H.11.map.006$p20143700p22$r2024-08-05 00:00:00$w2024-08-05$ySCO$zCircé. Hymne a Pallas - Blondel, Raoul Émile
=952  \\$00$10$2ddc$3ORP-OI1F181$40$6KTS_1_000000000000000_H_11_MAP_006$70$925148$aORPH$bORPH$cKTS1_H$d2024-08-05$l0$oKTS1 H.11.map.006$p20143700p23$r2024-08-05 00:00:00$w2024-08-05$ySCO$zLa Petite maison - Chaumet, William
=952  \\$00$10$2ddc$3ORP-OI1F182$40$6KTS_1_000000000000000_H_11_MAP_006$70$925149$aORPH$bORPH$cKTS1_H$d2024-08-05$l0$oKTS1 H.11.map.006$p20143700p24$r2024-08-05 00:00:00$w2024-08-05$ySCO$zHenri VIII - Saint-Saëns, Camille
=952  \\$00$10$2ddc$3ORP-OI1F183$40$6KTS_1_000000000000000_H_11_MAP_006$70$925150$aORPH$bORPH$cKTS1_H$d2024-08-05$l0$oKTS1 H.11.map.006$p20143700p25$r2024-08-05 00:00:00$w2024-08-05$ySCO$zLes Fleurs qui volent - Percheron, Suzanne
=952  \\$00$10$2ddc$3ORP-OI1F184$40$6KTS_1_000000000000000_H_11_MAP_006$70$925151$aORPH$bORPH$cKTS1_H$d2024-08-05$l0$oKTS1 H.11.map.006$p20143700p26$r2024-08-05 00:00:00$w2024-08-05$ySCO$zPréludes humoristiques. N. 1 - Gignoux, M.E.
=952  \\$00$10$2ddc$3ORP-OI1F185$40$6KTS_1_000000000000000_H_11_MAP_006$70$925152$aORPH$bORPH$cKTS1_H$d2024-08-05$l0$oKTS1 H.11.map.006$p20143700p27$r2024-08-05 00:00:00$w2024-08-05$ySCO$zJeunesse! - Lagoanère, Oscar de
=952  \\$00$10$2ddc$3ORP-OI1F186$40$6KTS_1_000000000000000_H_11_MAP_006$70$925153$aORPH$bORPH$cKTS1_H$d2024-08-05$l0$oKTS1 H.11.map.006$p20143700p28$r2024-08-05 00:00:00$w2024-08-05$ySCO$zSérénade mutine. Piece humoristique - Marie, Jean Gabriel
=952  \\$00$10$2ddc$3ORP-OI1F187$40$6KTS_1_000000000000000_H_11_MAP_006$70$925154$aORPH$bORPH$cKTS1_H$d2024-08-05$l0$oKTS1 H.11.map.006$p20143700p29$r2024-08-05 00:00:00$w2024-08-05$ySCO$zAir national de Serbie - Beyer, Ferdinand
=952  \\$00$10$2ddc$3ORP-OI1F188$40$6KTS_1_000000000000000_H_11_MAP_006$70$925155$aORPH$bORPH$cKTS1_H$d2024-08-05$l0$oKTS1 H.11.map.006$p20143700p30$r2024-08-05 00:00:00$w2024-08-05$ySCO$zArmonia - Ketterer, Eugène
=952  \\$00$10$2ddc$3ORP-OI1F189$40$6KTS_1_000000000000000_H_11_MAP_006$70$925156$aORPH$bORPH$cKTS1_H$d2024-08-05$l0$oKTS1 H.11.map.006$p20143700p31$r2024-08-05 00:00:00$w2024-08-05$ySCO$zNec fatalia - Sureau-Bellet, Julia
=952  \\$00$10$2ddc$3ORP-OI1F190$40$6KTS_1_000000000000000_H_11_MAP_006$70$925157$aORPH$bORPH$cKTS1_H$d2024-08-05$l0$oKTS1 H.11.map.006$p20143700p32$r2024-08-05 00:00:00$w2024-08-05$ySCO$zLes Nuages - Privas, Xavier
=952  \\$00$10$2ddc$3ORP-OI1F191$40$6KTS_1_000000000000000_H_11_MAP_006$70$925158$aORPH$bORPH$cKTS1_H$d2024-08-05$l0$oKTS1 H.11.map.006$p20143700p33$r2024-08-05 00:00:00$w2024-08-05$ySCO$zAprès l'orage - Roux, Gaston
=952  \\$00$10$2ddc$3ORP-OI1F192$40$6KTS_1_000000000000000_H_11_MAP_006$70$925159$aORPH$bORPH$cKTS1_H$d2024-08-05$l0$oKTS1 H.11.map.006$p20143700p34$r2024-08-05 00:00:00$w2024-08-05$ySCO$zTrois chansons bretonnes. Chanson de la Douce (III) - Waelès, Henry
=952  \\$00$10$2ddc$3ORP-OI1F193$40$6KTS_1_000000000000000_H_11_MAP_006$70$925160$aORPH$bORPH$cKTS1_H$d2024-08-05$l0$oKTS1 H.11.map.006$p20143700p35$r2024-08-05 00:00:00$w2024-08-05$ySCO$zPetit Mari - Petite femme. 5 Pièces pour piano a 4 mains - Arnaud, Edmond
=952  \\$00$10$2ddc$3ORP-OI1F194$40$6KTS_1_000000000000000_H_11_MAP_006$70$925161$aORPH$bORPH$cKTS1_H$d2024-08-05$l0$oKTS1 H.11.map.006$p20143700p36$r2024-08-05 00:00:00$w2024-08-05$ySCO$zMadrigal - Guilhaud, Henry
=952  \\$00$10$2ddc$3ORP-OI1F195$40$6KTS_1_000000000000000_H_11_MAP_006$70$925162$aORPH$bORPH$cKTS1_H$d2024-08-05$l0$oKTS1 H.11.map.006$p20143700p37$r2024-08-05 00:00:00$w2024-08-05$ySCO$zLe Papillon. (Étude de légeté). Op. 12 - Vogel, J.
=952  \\$00$10$2ddc$3ORP-OI1F196$40$6KTS_1_000000000000000_H_11_MAP_006$70$925163$aORPH$bORPH$cKTS1_H$d2024-08-05$l0$oKTS1 H.11.map.006$p20143700p38$r2024-08-05 00:00:00$w2024-08-05$ySCO$zCrépuscule - d'Ageni, Léo
=952  \\$00$10$2ddc$3ORP-OI1F197$40$6KTS_1_000000000000000_H_11_MAP_006$70$925164$aORPH$bORPH$cKTS1_H$d2024-08-05$l0$oKTS1 H.11.map.006$p20143700p39$r2024-08-05 00:00:00$w2024-08-05$ySCO$zSi vous n'avez rien a me dire. Chanson - Anthiome, Eugène
=952  \\$00$10$2ddc$3ORP-OI1F198$40$6KTS_1_000000000000000_H_11_MAP_006$70$925165$aORPH$bORPH$cKTS1_H$d2024-08-05$l0$oKTS1 H.11.map.006$p20143700p40$r2024-08-05 00:00:00$w2024-08-05$ySCO$zTrois pièces pour le piano. Mystique - Crocé-Spinelli, Bernard
=952  \\$00$10$2ddc$3ORP-OI1F199$40$6KTS_1_000000000000000_H_11_MAP_006$70$925166$aORPH$bORPH$cKTS1_H$d2024-08-05$l0$oKTS1 H.11.map.006$p20143700p41$r2024-08-05 00:00:00$w2024-08-05$ySCO$zSur les flots - Bédouin, Louis
=952  \\$00$10$2ddc$3ORP-OI1F200$40$6KTS_1_000000000000000_H_11_MAP_006$70$925167$aORPH$bORPH$cKTS1_H$d2024-08-05$l0$oKTS1 H.11.map.006$p20143700p42$r2024-08-05 00:00:00$w2024-08-05$ySCO$zLa Tosca. Le ciel luisait d'étoiles - Puccini, Giacomo
=952  \\$00$10$2ddc$3ORP-OI1F201$40$6KTS_1_000000000000000_H_11_MAP_006$70$925168$aORPH$bORPH$cKTS1_H$d2024-08-05$l0$oKTS1 H.11.map.006$p20143700p43$r2024-08-05 00:00:00$w2024-08-05$ySCO$zPensée d'automne - Paulin, Gaston
=952  \\$00$10$2ddc$3ORP-OI1F202$40$6KTS_1_000000000000000_H_11_MAP_006$70$925169$aORPH$bORPH$cKTS1_H$d2024-08-05$l0$oKTS1 H.11.map.006$p20143700p44$r2024-08-05 00:00:00$w2024-08-05$ySCO$zNouveauté-marche - Victor, Otto
=952  \\$00$10$2ddc$3ORP-OI1F203$40$6KTS_1_000000000000000_H_11_MAP_006$70$925170$aORPH$bORPH$cKTS1_H$d2024-08-05$l0$oKTS1 H.11.map.006$p20143700p45$r2024-08-05 00:00:00$w2024-08-05$ySCO$zMascarade. Scènes Fantaisistes. Op. 24 N. 3 - Laurens, Edmond
=952  \\$00$10$2ddc$3ORP-OI1F204$40$6KTS_1_000000000000000_H_11_MAP_006$70$925171$aORPH$bORPH$cKTS1_H$d2024-08-05$l0$oKTS1 H.11.map.006$p20143700p46$r2024-08-05 00:00:00$w2024-08-05$ySCO$zLa Flamenca. Chanson havanaise de la Flamenca - Guillaume, Lucien-Léon
=952  \\$00$10$2ddc$3ORP-OI1F205$40$6KTS_1_000000000000000_H_11_MAP_006$70$925172$aORPH$bORPH$cKTS1_H$d2024-08-05$l0$oKTS1 H.11.map.006$p20143700p47$r2024-08-05 00:00:00$w2024-08-05$ySCO$zLandler - Sandré, Gustave
=952  \\$00$10$2ddc$3ORP-OI1F206$40$6KTS_1_000000000000000_H_11_MAP_006$70$925173$aORPH$bORPH$cKTS1_H$d2024-08-05$l0$oKTS1 H.11.map.006$p20143700p48$r2024-08-05 00:00:00$w2024-08-05$ySCO$zPièce pour harmonium - Letocart, Henri
=952  \\$00$10$2ddc$3ORP-OI1F207$40$6KTS_1_000000000000000_H_11_MAP_006$70$925174$aORPH$bORPH$cKTS1_H$d2024-08-05$l0$oKTS1 H.11.map.006$p20143700p49$r2024-08-05 00:00:00$w2024-08-05$ySCO$zSardanapale. Air de Myrrha, chanté par Mlle Nilsson - Joncières, Victorin de
=952  \\$00$10$2ddc$3ORP-OI1F208$40$6KTS_1_000000000000000_H_11_MAP_006$70$925175$aORPH$bORPH$cKTS1_H$d2024-08-05$l0$oKTS1 H.11.map.006$p20143700p50$r2024-08-05 00:00:00$w2024-08-05$ySCO$zImpromptu-valse. En sol mineur - Köhler, Émile
=952  \\$00$10$2ddc$3ORP-OI1F209$40$6KTS_1_000000000000000_H_11_MAP_006$70$925176$aORPH$bORPH$cKTS1_H$d2024-08-05$l0$oKTS1 H.11.map.006$p20143700p51$r2024-08-05 00:00:00$w2024-08-05$ySCO$zRonde enfantine - Samuel-Rousseau, Marcel
=952  \\$00$10$2ddc$3ORP-OI1F210$40$6KTS_1_000000000000000_H_11_MAP_006$70$925177$aORPH$bORPH$cKTS1_H$d2024-08-05$l0$oKTS1 H.11.map.006$p20143700p52$r2024-08-05 00:00:00$w2024-08-05$ySCO$zBarchetta. Op. 21 N. 3 - Nevin, Ethelbert
=952  \\$00$10$2ddc$3ORP-OI1F211$40$6KTS_1_000000000000000_H_11_MAP_006$70$925178$aORPH$bORPH$cKTS1_H$d2024-08-05$l0$oKTS1 H.11.map.006$p20143700p53$r2024-08-05 00:00:00$w2024-08-05$ySCO$zLe Nouveau-né - Bruneau, Alfred
=952  \\$00$10$2ddc$3ORP-OI1F212$40$6KTS_1_000000000000000_H_11_MAP_006$70$925179$aORPH$bORPH$cKTS1_H$d2024-08-05$l0$oKTS1 H.11.map.006$p20143700p54$r2024-08-05 00:00:00$w2024-08-05$ySCO$zCarillon - Massenet, Jules
=999  \\$d22188

