=LDR  01057cam a2200229u  4500
=001  22189
=008  820322r18811859gw\\\\\\\\\\\\000\0\fre\\
=041  \\$afre
=100  \\$aLiszt, Franz$d1811-1886$1http://www.wikidata.org/entity/Q41309$4aut$917400
=245  10$aDes Bohémiens et de leur musique en Hongrie
=250  \\$anew ed.
=260  \\$aLeipzig$bBreitkopf & Härtel$c1881
=300  \\$a[3]-538-[2] pages
=500  \\$aedition of 1859: https://books.google.be/books?id=WPk6AAAAcAAJ
=648  \0$a19th Century (1801-1900)$1http://www.wikidata.org/entity/Q6955$920935
=650  \0$aFolk music$1http://www.wikidata.org/entity/Q43343$921594
=650  \0$aMusic history$1http://www.wikidata.org/entity/Q846047$921373
=650  \0$aMusic criticism$1http://www.wikidata.org/entity/Q11748889$921598
=651  \0$aHungary$1http://www.wikidata.org/entity/Q28$921233
=942  \\$cBOO
=952  \\$00$10$2ddc$40$6KTS_1_000000000000000_H_07_026$70$8RAR$923538$aORPH$bORPH$cKTS1_H$d2024-08-12$l0$oKTS1 H.07.026$p20130950$r2024-08-12 00:00:00$w2024-08-12$yBOO
=999  \\$d22189

