=LDR  01150nam a22002417i 4500
=001  22190
=005  20250925143311.0
=008  960430r19211922be\g|||||\\\\|||||\|fre|c
=041  \7$afre
=100  \\$aGilson, Paul$d1865-1942$1http://www.wikidata.org/entity/Q958774$4aut$918174
=245  13$aLe Tutti orchestral
=250  \\$a2nd ed.
=260  \\$aBrussels$bSchott Frères$c[1921]
=300  \\$a113 pages$bmusic examples
=500  \\$aIn his 'Le Tutti orchestral', Paul Gilson gives a concrete overview of what a composer needs to know when employing the modern orchestra.
=648  \0$a20th Century (1901-2000)$1http://www.wikidata.org/entity/Q6927$920936
=650  \0$aOrchestration$1http://www.wikidata.org/entity/Q3367000$921045
=650  \0$aInstrumentation$1http://www.wikidata.org/entity/Q617028$923032
=650  \0$aAcoustics$1http://www.wikidata.org/entity/Q82811$921365
=651  \0$aBrussels (Belgium)$1http://www.wikidata.org/entity/Q239$937
=942  \\$cBOO
=952  \\$00$10$2ddc$40$6KTS_1_000000000000000_H_07_028$70$8RAR$923539$aORPH$bORPH$cKTS1_H$d2024-08-12$l0$oKTS1 H.07.028$p20130952$r2024-08-12 00:00:00$w2024-08-12$yBOO
=999  \\$d22190

