=LDR  01333nam a22002537i 4500
=001  22191
=005  20251001162314.0
=008  051027s1875\\\\ne\||||||\\\\|||||\|fre|c
=041  \7$afre
=100  \\$aGevaert, François-Auguste$cBaron$d1828-1908$1http://www.wikidata.org/entity/Q682376$4aut$916810
=245  10$aDes liens qui unissent la musique a la philologie
=260  \\$aGhent$bVanderhaeghen$c1875
=300  \\$a15 pages$bmusic examples
=500  \\$aExtract from "Revue de l'instruction publique", Volume XVIII, 3rd issue
=500  \\$aAbridged version of the lecture by F.A. Gevaert at the April 5, 1875 session of the 'Société pour le progrès des études philologiques et historiques'
=500  \\$aAutograph signature (and dedication) on front matter
=648  \0$a19th Century (1801-1900)$1http://www.wikidata.org/entity/Q6955$920935
=650  \0$aMusic philosophy and aesthetics$1http://www.wikidata.org/entity/Q2092865$921165
=650  \0$aPhilology$1http://www.wikidata.org/entity/Q40634$925506
=651  \0$aGhent (Belgium)$1http://www.wikidata.org/entity/Q1296$920924
=942  \\$cBOO
=952  \\$00$10$2ddc$40$6KTS_1_000000000000000_H_07_029$70$8RAR$923540$aORPH$bORPH$cKTS1_H$d2024-08-12$l0$oKTS1 H.07.029$p20130953$r2024-08-12 00:00:00$w2024-08-12$yBOO
=999  \\$d22191
=533  \\$aDigitized by iGuana, Spring 2025.

