=LDR  01341nam a22002777a 4500
=001  22192
=005  20250925143311.0
=008  240812s1983\\\\|||ago||\||||\00|\0\fre\d
=041  \\$afre
=100  \\$aSauguet, Henri$d1901-1989$1http://www.wikidata.org/entity/Q708863$4edt$923947
=245  \\$aHenri Sauguet :$bL'Homme et l'œuvre
=260  \\$aParis$bRichard-Masse$c1983
=300  \\$a280 pages$bplates$einsert
=490  \\$aLa revue musicale
=561  \\$aAutograph dedication from Henri Sauget to Dr F. Haselhoff "en bien sympathique amitié musicale", October 1938
=600  \0$aSauguet, Henri$d1901-1989$1http://www.wikidata.org/entity/Q708863$923947
=648  \0$a20th Century (1901-2000)$1http://www.wikidata.org/entity/Q6927$920936
=650  \0$aComposer$1http://www.wikidata.org/entity/Q36834$93625
=650  \0$aBiography$1http://www.wikidata.org/entity/Q36279$91927
=651  \0$aFrance$1http://www.wikidata.org/entity/Q142$9131
=700  1\$aAncelin, Pierre$d1934-2001$4edt$927578
=700  \\$aCollaer, Paul$d1891-1989$4ctb$916552
=700  \\$aSchaeffer, Pierre$d1910-1995$1http://www.wikidata.org/entity/Q315744$4ctb$919115
=942  \\$cBOO
=952  \\$00$10$2ddc$40$6KTS_1_000000000000000_H_07_030$70$8RAR$923541$aORPH$bORPH$cKTS1_H$d2024-08-12$l0$oKTS1 H.07.030$p20130116$r2024-08-12 00:00:00$w2024-08-12$yBOO
=999  \\$d22192

