=LDR  01690cam a22002411a 4500
=001  22193
=005  20250925143311.0
=008  790823s1923\\\\fr\g\\\\\\\\\\000\0\fre\\
=041  \\$afre
=100  \\$aWidor, Charles-Marie$d1844-1937$1http://www.wikidata.org/entity/Q215161$918592
=245  10$aInitiation musicale
=260  \\$aParis$bHachette$c1923
=300  \\$a159 pages$bmusic examples
=440  \0$aCollection des initiations
=500  \\$aIn the preface to Initiation musicale, a kind of music primer, Widor proclaimed: “This little book contains the program of what is necessary to know in music.” The book's topics include: the ear, sound, harmonics, timbre, wind and stringed instruments, keyboard instruments, scales, harmony (consonant and dissonant), counterpoint, composition, the origins of music, opera, acoustics, and various composers (Handel, Bach, Mozart, Beethoven, Weber, Schumann, Wagner). Everything is deliberately simplified and compressed—sometimes naively so: beginning his chapter on counterpoint, Widor casually observed, “Nothing is less complicated.” (...) (John R. Near)
=648  \0$a20th Century (1901-2000)$1http://www.wikidata.org/entity/Q6927$920936
=650  \0$aMusic education$1http://www.wikidata.org/entity/Q27908$921766
=650  \0$aMusic theory$1http://www.wikidata.org/entity/Q193544$92662
=650  \0$aAcoustics$1http://www.wikidata.org/entity/Q82811$921365
=650  \0$aInstrumentation$1http://www.wikidata.org/entity/Q617028$923032
=942  \\$cBOO
=952  \\$00$10$2ddc$40$6KTS_1_000000000000000_H_08_022$70$8RAR$923542$aORPH$bORPH$cKTS1_H$d2024-08-14$l0$oKTS1 H.08.022$p20143733$r2024-08-14 00:00:00$w2024-08-14$yBOO
=999  \\$d22193

