=LDR  00761acm a2200193   4500
=001  22200
=005  20250120120218.0
=008  140425s1980\\\\\\\\\\e\\\\\\\0\ita\\\\\d
=020  \\$a9790041330495
=041  \\$aita
=100  \\$4cmp$aNono, Luigi$d1924-1990$1http://www.wikidata.org/entity/Q160451$917010
=245  \\$aFragmente-stille, an diotima:$bper quartetto d'archi (1979-1980)
=260  \\$aMilan$bRicordi$c1980
=300  \\$a35+35+35+35+35 pages$clarge
=500  \\$aScore and parts separately, held in red map
=650  \0$aString quartet$1http://www.wikidata.org/entity/Q207338$94110
=942  \\$cSCO
=952  \\$00$10$2ddc$40$6SCO_XL_NONO$70$8SCO$923551$aORPH$bORPH$cKTS1_P$d2024-08-28$l0$oSCO XL NONO$p20143765$r2024-08-28 00:00:00$w2024-08-28$ySCO
=999  \\$d22200

