=LDR  01968nam a22002777a 4500
=001  22201
=005  20250925143311.0
=008  240902s1923\\\\|||godf|\d|||\00|\0dfre\d
=059  \\$avn
=100  \\$aVercheval, Henri$4aut$927589$d1864-19..
=245  \\$aDictionnaire du Violoniste.$bSuivi d'une liste des Violonistes célèbres et des Luthiers les plus connus depuis l'origine du Violon jusqu'à la fin du XIXe siècle.
=260  \\$aParis$bFischbacher$c1923
=300  \\$a192 pages$bleather bound, marbled front- and backcover, gilded spine, music examples, photo, plates
=500  \\$aThe author's aim is to popularise the violinist's general instruction, which is so useful in practice. Such is Henri Vercheval's definition of his book, which deals in a general and detailed manner with the elements that make up the art of playing the violin, its formation as a work of violin making and all the technical expressions that go with it. At the end of the book, the author lists famous violinists from the origins of the violin to the nineteenth century, as well as violin makers and bow makers.
=590  \\$aPréface et Portrait d'Eugène Ysaÿe
=648  \0$1http://www.wikidata.org/entity/Q6927$a20th Century (1901-2000)$920936
=650  \0$aDictionary$1http://www.wikidata.org/entity/Q23622$921580
=650  \0$aMusician$1http://www.wikidata.org/entity/Q639669$93574
=650  \0$aViolin$1http://www.wikidata.org/entity/Q8355$92783
=650  \0$aStringed instrument makers$1http://www.wikidata.org/entity/Q762707$927592
=650  \0$aViolinist$1http://www.wikidata.org/entity/Q1259917$93278
=650  \0$aMusic history$1http://www.wikidata.org/entity/Q846047$921373
=700  \\$aYsaÿe, Eugène$d1858-1931$1http://www.wikidata.org/entity/Q312857$4win$921021
=942  \\$cBOO
=952  \\$00$10$2ddc$40$6KTS_1_000000000000000_H_09_014$70$8RAR$923552$aORPH$bORPH$cKTS1_H$d2024-09-02$l0$oKTS1 H.09.014$p20143766$r2024-09-02 00:00:00$w2024-09-02$yBOO
=999  \\$d22201

