=LDR  01511nam a22002417a 4500
=001  22202
=005  20250925143311.0
=008  240902s1914\\\\|||g||||\||||\00|\0\fre\d
=100  \\$aAnciaux, Louis$4aut$927590
=245  \\$aLe Rythme.$bSes Lois et leur Application
=260  \\$aTamines$bDuculot-Roulin$c1914
=300  \\$a78-[2] pages$bcardboard colored and illustrated frontcover, music examples
=500  \\$aLouis Anciaux was a music teacher in Namur
=500  \\$aThis book is intended for teachers and students of solfege courses, providing exhaustive information on the laws of rhythm. It covers everything from the basics of rhythm to practical applications. Readers will find examples of melodies, exercises and tips to improve their understanding and dexterity of musical rhythm.
=590  \\$aà l'usage des Professeurs et des élèves des Cours de Solfège. Adopté aux Conservatoires de Gand, Anvers, Namur, Luxembourg, Bruges, Louvain et Namur.
=648  \0$a20th Century (1901-2000)$1http://www.wikidata.org/entity/Q6927$920936
=650  \0$aRhythm$1http://www.wikidata.org/entity/Q170406$92724
=650  \0$aSolfège$1http://www.wikidata.org/entity/Q159563$927221
=650  \0$aMethod$1http://www.wikidata.org/entity/Q2250960$921402
=651  \0$aBelgium$1http://www.wikidata.org/entity/Q31$920881
=942  \\$cBOO
=952  \\$00$10$2ddc$40$6KTS_1_000000000000000_H_09_015$70$8RAR$923553$aORPH$bORPH$cKTS1_H$d2024-09-02$l0$oKTS1 H.09.015$p20143767$r2024-09-02 00:00:00$w2024-09-02$yBOO
=999  \\$d22202

