=LDR  00646nam a22001577a 4500
=001  22203
=008  240902n\\\\\\\\||||||||\d|||\00|\0\fre\d
=245  \\$aVocabulaire explicatif des Locutions étrangères et des termes techniques relatifs à la musique
=250  \\$anouvelle édition
=260  \\$aBrussels$bSchott$cs.d.
=300  \\$a112 pages$bpaper bound
=563  \\$abookcover damaged
=650  \0$aDictionary$1http://www.wikidata.org/entity/Q23622$921580
=942  \\$cBOO
=952  \\$00$10$2ddc$40$6KTS_1_000000000000000_H_09_016$70$8RAR$923554$aORPH$bORPH$cKTS1_H$d2024-09-02$l0$oKTS1 H.09.016$p20143768$r2024-09-02 00:00:00$w2024-09-02$yBOO
=999  \\$d22203

