=LDR  01159nam a22002297a 4500
=001  22204
=008  240902s1885\\\\|||g||||\||||\00|\0\fre\d
=100  \\$aDaman, Guillaume$4aut$927591
=245  \\$aEcole de Musique de Louvain: Méthode de sténographie musicale$badopté à l'école de musique de Verviers
=250  \\$a2nd ed.
=260  \\$aLouvain$bDaman$c1885
=300  \\$a23 pages$bpaper bound, music examples
=561  \\$aConservatoire Royal de Musique de Gand (Stamp)
=590  \\$aMédaille d'argent et mention honorable a l'exposition universelle d'Anvers de 1885
=648  \0$a19th Century (1801-1900)$1http://www.wikidata.org/entity/Q6955$920935
=650  \0$aNotation$1http://www.wikidata.org/entity/Q233861$91964
=650  \0$aMethod$1http://www.wikidata.org/entity/Q2250960$921402
=651  \0$aVerviers (Belgium)$1http://www.wikidata.org/entity/Q202954$927229
=856  \\$uhttps://play.google.com/books/reader?id=00eQhja7B20C&pg=GBS.PP2&hl=en_GB
=942  \\$cBOO
=952  \\$00$10$2ddc$40$6KTS_1_000000000000000_H_09_017$70$8RAR$923555$aORPH$bORPH$cKTS1_H$d2024-09-02$l0$oKTS1 H.09.017$p20143769$r2024-09-02 00:00:00$w2024-09-02$yBOO
=999  \\$d22204

