=LDR  01651nam a22002657a 4500
=001  22205
=245  \\$aFührer durch den Konzertsaal. II. Abtheilung, erster Theil: Kirchliche Werke:$bPassionen, Messen, Hymnen, Psalmen, Motetten, Cantaten
=260  \\$aLeipzig$bLiebeskind$c1888
=300  \\$aiv-380 pages$bcardboard binding, leather spine and corners, marbled front- and backcover, illustrated endpapers, embossed gilded spine, marbled edges, music examples
=500  \\$a5th edition of 1921: https://archive.org/details/fhrerdurchdenko00kretgoog/page/n4/mode/2up
=561  \\$aG. Guttenberger Musik- & Instrumentenhandlung Heidelberg (Stamp)
=648  \0$a19th Century (1801-1900)$1http://www.wikidata.org/entity/Q6955$920935
=650  \0$aMusic history$1http://www.wikidata.org/entity/Q846047$921373
=650  \0$aChurch music$1http://www.wikidata.org/entity/Q8812109$92283
=650  \0$aVocal music$1http://www.wikidata.org/entity/Q685884$93319
=650  \0$aPsalm$1http://www.wikidata.org/entity/Q12497663$92164
=650  \0$aHymn$1http://www.wikidata.org/entity/Q484692$921333
=650  \0$aPassion$1http://www.wikidata.org/entity/Q781815$92006
=650  \0$aMass$1http://www.wikidata.org/entity/Q217295$92735
=650  \0$aMotet$1http://www.wikidata.org/entity/Q188285$92028
=650  \0$aCantata$1http://www.wikidata.org/entity/Q174873$921603
=856  \\$uhttps://babel.hathitrust.org/cgi/pt?id=dul1.ark:/13960/t2h73b37d&seq=7$3Hathi Trust
=942  \\$cBOO
=952  \\$00$10$2ddc$40$6KTS_1_000000000000000_H_09_018$70$8RAR$923556$aORPH$bORPH$cKTS1_H$d2024-09-02$l0$oKTS1 H.09.018$p20143770$r2024-09-02 00:00:00$w2024-09-02$yBOO
=999  \\$d22205

