=LDR  01577aam a2200193   4500
=001  22207
=008  120919s2024\\\\\\\g\\\\\\\\\\\\\\0\ger\d
=020  \\$a9873967079661
=041  \\$ager
=100  \\$4edt$aTadday, Ulrich$915970
=245  \\$aLuigi Nono:$bZur Frage der Wende
=260  \\$aMunich$bEdition text + kritik$c2024
=300  \\$a121-[6] pages
=490  \\$aMusik-Konzepte$v206
=520  \\$aThe compositional style of Luigi Nono (1924-1990) changed from the mid-1970s onwards. From then on, it was less the political message and more the sonic exploration, to use Paulo de Assis' words, that seemed to be in the composer's interest.

But does this change, which characterizes Nono's late work, really come into its own with the term “turn”, which has become commonplace, to describe the relationship between the political and the aesthetic-musical in the late Nono in a differentiated way? On the occasion of Luigi Nono's 100th birthday, the authors of this volume explore this highly complex question using various works - from “..... sofferte onde serene ...” for piano and tape (1975/76) to “Prometeo. Tragedia dell'ascolto” (1984) and far beyond. (Translated with DeepL.com)
With contributions by Paulo de Assis, Pauline Driesen, Laurent Feneyrou, Jörn Peter Hiekel, Julia Kursell and Matteo Nanni.
=600  \0$aNono, Luigi$d1924-1990$1http://www.wikidata.org/entity/Q160451$917010
=942  \\$cBOO
=952  \\$00$10$2ddc$40$6BIO_NONO_E$70$8BIO$923558$aORPH$bORPH$cKTS1_P$d2024-09-09$l0$oBIO NONO e$p20143771$r2024-09-09 00:00:00$w2024-09-09$yBOO
=999  \\$d22207

