=LDR  02420acm a2200253   4500
=001  22208
=005  20250120120941.0
=008  140425s1996\\\\\\\\\\\\\\\\\\\\\\0\ita\d
=020  \\$a9788875929947
=041  \\$aita
=059  \\$aalt picc bfl perc elec
=100  \\$4cmp$aNono, Luigi$d1924-1990$1http://www.wikidata.org/entity/Q160451$917010
=245  \\$aRisonanze erranti a Massimo Cacciari
=260  \\$aMilan$bRicordi$c1996
=300  \\$alxxx-105 pages
=520  \\$aRisonanze erranti (Wandering Resonances), composed in 1986, premiered in March that same year in Cologne, which was followed by two more performances in Turin 1986 and Paris 1987, before arriving at the final version. This work stands as the first stage of a cycle of Lieder that was to develop in parallel with the post-prae ludi (No. 1 “for Donau” and No. 3 “BAAB-ARR”), compositions conceived “before” Prometheus. (...) The work is dedicated to Massimo Cacciari, who edited the texts of Prometheus and many other works of this period (...). In Risonanze erranti, Nono uses fragments of texts by Herman Melville, especially from the Battle-Pieces and Aspects of the War (1866) and Ingeborg Bachmann (Kleine Delikatessen, 1963) with musical echoes of the past from Guillaume de Machaut (Lay de plour), Josquin Desprez (Adieu mes amours) and Johannes Ockeghem (Malheur me bat). He alternates strong dynamic contrasts in the percussion with dry strokes of the bongos and crotales that become sonic caresses when the percussionists graze with their hands the wrinkled surface of Sardinian shepherds' bells, the skin of the drums, and the metalo discs of the crotales. These subliminal sonorities are further multiplied and projected into acoustic space through electronics, with a bank of 8 electronic echoes characterized by a precise rhythmic structure that is asymmetrical in its iterated repetition. -Alvise Vidolin (Translated with DeepL.com)
=590  \\$aLiederzyklus (...) per contralto, flauto, tuba, sei percussioni e live electronics
=600  10$aCacciari, Massimo$927392
=650  \0$aChamber music$1http://www.wikidata.org/entity/Q189201$92105
=700  1\$aMelville, Herman$d1819-1891$4aut$927613
=700  1\$aBachmann, Ingeborg$d1926-1973$4aut$927614
=942  \\$cSCO
=952  \\$00$10$2ddc$40$6SCO_NONO$70$8SCO$923559$aORPH$bORPH$cKTS1_P$d2024-09-09$l0$oSCO NONO$p20143772$r2024-09-09 00:00:00$w2024-09-09$ySCO
=999  \\$d22208

