=LDR  01477nam a22002657a 4500
=001  22209
=005  20250925143311.0
=008  240909s1912\\\\|||coag|\||||\00|\0bger\d
=100  \\$aBekker, Paul$d1882-1937$4aut$916197
=245  \\$a Franz Liszt
=260  \\$aBielefeld$aLeipzig$bVelhagen & Klasing$c1912
=300  \\$a33 pages$bcardboard cover , pasted portrait on frontcover
=490  \\$aVolksbücher der Musik
=500  \\$aPaul Bekker was a German musiciologist, conducter, theaterdirector and chief music critic for both the Frankfurter Zeitung (1911–1923), and later the New Yorker Staats-Zeitung (1934–1937). 
=500  \\$apasted frontcover portrait of Liszt by Curt Agthe based on a photo by L. Held (Weimar)
=590  \\$aMit 32 Abbildungen und eine farbigen Umschlagbild
=600  \0$aLiszt, Franz$d1811-1886$1http://www.wikidata.org/entity/Q41309$917400
=648  \0$a20th Century (1901-2000)$1http://www.wikidata.org/entity/Q6927$920936
=650  \0$aBiography$1http://www.wikidata.org/entity/Q36279$91927
=650  \0$aComposer$1http://www.wikidata.org/entity/Q36834$93625
=650  \0$aMusic history$1http://www.wikidata.org/entity/Q846047$921373
=856  \\$uhttps://imslp.org/wiki/Franz_Liszt_(Bekker%2C_Paul)$3International Music Score Library Project
=942  \\$cBOO
=952  \\$00$10$2ddc$40$6KTS_1_000000000000000_H_09_019$70$8RAR$923561$aORPH$bORPH$cKTS1_H$d2024-09-09$l0$oKTS1 H.09.019$p20143774$r2024-09-09 00:00:00$w2024-09-09$yBOO
=999  \\$d22209

