=LDR  01590nam a22002657a 4500
=001  22210
=005  20250925143311.0
=008  240909s1922\\\\|||o||||\||||\00|\0bfre\d
=041  \\$afre
=100  \\$1http://www.wikidata.org/entity/Q746748$4aut$aDupuis, Sylvain$d1856-1931$919297
=245  \\$aCésar Franck. La leçon d'une oeuvre et d'une vie. $bNotice biographique
=260  \\$aLiège$bVille de Liège. $c1922
=300  \\$a18 pages$bcontains photos
=590  \\$aCommémoration du centennaire de la naissance de César Franck né à Liège le 10 décembre 1822, mort à Paris le 9 novembre 1890
=600  \0$1http://www.wikidata.org/entity/Q50187$aFranck, César$d1822-1890$910937
=648  \0$1http://www.wikidata.org/entity/Q6927$a20th Century (1901-2000)$920936
=650  \0$1http://www.wikidata.org/entity/Q36279$aBiography$91927
=650  \0$aComposer$1http://www.wikidata.org/entity/Q36834$93625
=650  \0$aLegacy$1http://www.wikidata.org/entity/Q623282$922131
=651  \0$1http://www.wikidata.org/entity/Q3992$aLiège (Belgium)$9240
=700  \\$1http://www.wikidata.org/entity/Q30127417$4aut$aDelchevalerie, Charles$d1872-1950$927593
=856  \\$uhttps://www.google.com/url?sa=t&source=web&rct=j&opi=89978449&url=https://ia600901.us.archive.org/24/items/clbrationduc00li/clbrationduc00li.pdf&ved=2ahUKEwiWyrOP9bWIAxVHTKQEHZ6BHnEQFnoECB8QAQ&usg=AOvVaw3I334vWZ8ZuH9RmDVjvF2D
=942  \\$cBOO
=952  \\$00$10$2ddc$40$6KTS_1_000000000000000_H_09_20$70$8RAR$923562$aORPH$bORPH$cKTS1_H$d2024-09-09$l0$oKTS1 H.09.20$p20143775$r2024-09-09 00:00:00$w2024-09-09$yBOO
=999  \\$d22210

