=LDR  01407nam a22002537a 4500
=001  22211
=005  20250925143311.0
=008  240909s1922\\\\|||g||||\||||\00|\0dfre\d
=041  \\$afre
=100  \\$aDupuis, Sylvain$d1856-1931$1http://www.wikidata.org/entity/Q746748$4drt$919297
=245  \\$aCentenaire de César Franck 1822-1922$bProgramme
=260  \\$aLiège$bConservatoire Royal de Musique de Liège$c1922
=300  \\$a46 pages
=600  \0$aFranck, César$d1822-1890$1http://www.wikidata.org/entity/Q50187$910937
=648  \0$a20th Century (1901-2000)$1http://www.wikidata.org/entity/Q6927$920936
=648  \0$a19th Century (1801-1900)$1http://www.wikidata.org/entity/Q6955$920935
=650  \0$aLegacy$1http://www.wikidata.org/entity/Q623282$922131
=650  \0$aComposer$1http://www.wikidata.org/entity/Q36834$93625
=650  \0$aConcert$1http://www.wikidata.org/entity/Q182832$921044
=651  \0$aLiège (Belgium)$1http://www.wikidata.org/entity/Q3992$9240
=856  \\$uhttps://www.google.com/url?sa=t&source=web&rct=j&opi=89978449&url=https://ia600901.us.archive.org/24/items/clbrationduc00li/clbrationduc00li.pdf&ved=2ahUKEwiWyrOP9bWIAxVHTKQEHZ6BHnEQFnoECB8QAQ&usg=AOvVaw3I334vWZ8ZuH9RmDVjvF2D
=942  \\$cBOO
=952  \\$00$10$2ddc$40$6KTS_1_000000000000000_H_09_021$70$8RAR$923563$aORPH$bORPH$cKTS1_H$d2024-09-09$l0$oKTS1 H.09.021$p20143776$r2024-09-09 00:00:00$w2024-09-09$yBOO
=999  \\$d22211

