=LDR  01454nam a22002777a 4500
=001  22212
=005  20250925143311.0
=008  240909s1909\\\\|||caog|\||||\00|\0bger\d
=041  \\$ager
=100  \\$aWolff, Ernst$4aut$927594
=245  \\$aFelix Mendelssohn Bartholdy
=250  \\$a2nd ed.
=260  \\$aBerlin$bHarmonie$c1909
=300  \\$a194-[10] pages$bLinen binding, gilded illustrated frontcover, inserted folded pages, music examples, illustrations, facsimiles, photographs, lithographies
=490  \\$aBerühmte Musiker. Lebens- und Charakterbilder nebst Einführung in die Werke der Meister$v17
=590  \\$aDem Konservatorium der Musik in Köln zugeeignet
=600  \0$aMendelssohn-Bartholdy, Felix$d1809-1847$1http://www.wikidata.org/entity/Q46096$94998
=648  \0$a20th Century (1901-2000)$1http://www.wikidata.org/entity/Q6927$920936
=648  \0$a19th Century (1801-1900)$1http://www.wikidata.org/entity/Q6955$920935
=650  \0$aBiography$1http://www.wikidata.org/entity/Q36279$91927
=650  \0$aComposer$1http://www.wikidata.org/entity/Q36834$93625
=650  \0$aMusic history$1http://www.wikidata.org/entity/Q846047$921373
=856  \\$uhttps://archive.org/details/felixmendelssohn00wolf/page/2/mode/2up$31st edition 1906
=942  \\$cBOO
=952  \\$00$10$2ddc$40$6KTS_1_000000000000000_H_09_022_01$70$8RAR$923564$aORPH$bORPH$cKTS1_H$d2024-09-09$l0$oKTS1 H.09.022_01$p20143777$r2024-09-09 00:00:00$w2024-09-09$yBOO
=999  \\$d22212

