=LDR  01049nam a22002177a 4500
=001  22213
=008  240910s1867\\\\|||a||||\||||\00|\0cfre\d
=041  \\$afre
=100  \\$aMontrond, Maxime de$d1805-1879$1http://www.wikidata.org/entity/Q34069485$4aut$927596
=245  \\$aLes musiciens les plus célèbres
=250  \\$a2nd ed.
=260  \\$aLille$aParis$bLibrairie de J. Lefort$c1867
=300  \\$aviii-320 pages$bbound in linen, gilded front cover & spine
=561  \\$aEx libris Mlle Brunelle, Ville de Tournai Institution de Monnel & Manarre 1873 (Plate)
=648  \0$a19th Century (1801-1900)$1http://www.wikidata.org/entity/Q6955$920935
=650  \0$aBiography$1http://www.wikidata.org/entity/Q36279$91927
=650  \0$aMusic history$1http://www.wikidata.org/entity/Q846047$921373
=650  \0$aComposer$1http://www.wikidata.org/entity/Q36834$93625
=942  \\$cBOO
=952  \\$00$10$2ddc$40$6KTS_1_000000000000000_H_09_026$70$8RAR$923565$aORPH$bORPH$cKTS1_H$d2024-09-10$l0$oKTS1 H.09.026$p20143781$r2024-09-10 00:00:00$w2024-09-10$yBOO
=999  \\$d22213

