=LDR  01493nam a22002417a 4500
=001  22214
=008  240910s1920\\\\|||acoh|\||||\00|\0bfre\d
=041  \\$afre
=100  \\$aPougin, Arthur$d1834-1921$1http://www.wikidata.org/entity/Q2865302$4aut$917167
=245  \\$aGiuseppina Grassini 1773-1850.$bUne Cantatrice "Amie" de Napoléon
=260  \\$aParis$bFischbacher$c1920
=300  \\$a73 pages$bBound in paper, contains photographs, illustrations, portraits and facsimile's
=500  \\$aGrassini was a noted Italian dramatic contralto, and a singing teacher. She was a celebrity of considerable stature, noted for her beauty and regarded as one of the best singers in Europe. Giuseppina was also known for her affairs with Napoleon and the Duke of Wellington. She sang in various productions by composers such as Cimarosa, Cherubini and Zingarelli. 
=561  \\$aEx libris Tyle De Vos 1977 (manuscript)
=590  \\$aVingt illustrations
=600  \0$aGrassini, Giuseppina$d1773-1850$927600
=648  \0$a19th Century (1801-1900)$1http://www.wikidata.org/entity/Q6955$920935
=650  \0$aBiography$1http://www.wikidata.org/entity/Q36279$91927
=650  \0$aSinger$1http://www.wikidata.org/entity/Q177220$93915
=856  \\$uhttps://gallica.bnf.fr/ark:/12148/bpt6k5502157z.texteImage$3Gallica
=942  \\$cBOO
=952  \\$00$10$2ddc$40$6KTS_1_000000000000000_H_09_025$70$8RAR$923566$aORPH$bORPH$cKTS1_H$d2024-09-10$l0$oKTS1 H.09.025$p20143780$r2024-09-10 00:00:00$w2024-09-10$yBOO
=999  \\$d22214

