=LDR  03647nam a22003017a 4500
=001  22215
=005  20250925143311.0
=008  240910s1938\\\\||||||||\||||\00|\sdger\d
=041  \\$ager
=100  \\$aHofmannsthal, Hugo von$d1874-1929$1http://www.wikidata.org/entity/Q51513$4aut$925117
=245  \\$aBeethoven.$bRede, gehalten an der Beethovenfeier des Lesezirkels Hottingen in Zürich am 10. Dezember 1920
=260  \\$aWien$aLeipzig$aZürich$bReichner$c1938
=300  \\$a28-[1] pages
=500  \\$aAfterword by editor W. Schuh, german Musicologist, NZZ editor, Schoeck pionier & Strauss biographer
=500  \\$aThroughout his career as a critic and lecturer, Hofmannsthal constantly referred to Beethoven as one of the great tutelary figures of nineteenth-century European artistic life. In 1920, on the occasion of the composer's one hundred and fiftieth birthday celebrations, he dedicated two texts to him: the so-called ‘Zurich speech’ (Zürcher Rede auf Beethoven), delivered on 10 December of the same year at a ceremony organised by the Hottingen reading circle, greeted by an audience of 2,400 people5 and published on 19 December in the Neue Zürcher Zeitung, and a shorter and substantially different version of this speech (Rede auf Beethoven), published on 12 December in the Neue Freie Presse. In these texts, in which Hofmannsthal did not fail to underline the perhaps paradoxical dimension of choosing an Austrian poet to pay tribute to a German composer6 , it is Beethoven's situation in Vienna that is questioned.As he wrote to Ernst Benedikt on 11 March 1927, Hofmannsthal confessed that he had only accepted the invitation to give this speech out of patriotism, despite his initial reluctance due to his lack of musical skills7 : ‘The German position in the world at the time was so pitiful, and the German attitude so undignified, that I found it necessary to seize every opportunity to express a dignified and serious sense of self. ’
=504  \\$ahttps://journals.openedition.org/austriaca/5084
=520  \\$aThroughout his writing career, Hofmannsthal constantly refers to Beethoven, whose work always seemed to him highly vivid and modern at a time when, in his opinion, a great unifying European figure is sorely lacking. In the speeches he dedicates to him in 1920 for his 150th birthday, he particularly examines the situation of Beethoven in Vienna. The eulogy of the composer, in the disturbed context of the first decades of the 20th century, thus responds to several issues: Hofmannsthal consecrates Beethoven as a poet; in accordance with the titanic imagery developed throughout the 19th century and with a literary, political, mythological or biblical imagination, he makes of him one of the greatest myths of Europe and one of the major guiding figures of his Europeanist commitment.
=600  \0$aBeethoven, Ludwig van$d1770-1827$1http://www.wikidata.org/entity/Q255$95335
=648  \0$a20th Century (1901-2000)$1http://www.wikidata.org/entity/Q6927$920936
=650  \0$aComposer$1http://www.wikidata.org/entity/Q36834$93625
=650  \0$aLegacy$1http://www.wikidata.org/entity/Q623282$922131
=650  \0$aEulogy$1http://www.wikidata.org/entity/Q249697$923846
=700  \\$aSchuh, Willi$4aft$4edt$927599
=856  \\$uhttp://www.zeno.org/Literatur/M/Hofmannsthal,+Hugo+von/Essays,+Reden,+Vortr%C3%A4ge/%5BZ%C3%BCrcher+Rede+auf+Beethoven%5D
=856  \\$uhttp://www.zeno.org/nid/20005090768
=942  \\$cBOO
=952  \\$00$10$2ddc$40$6KTS_1_000000000000000_H_09_024$70$8RAR$923567$aORPH$bORPH$cKTS1_H$d2024-09-10$l0$oKTS1 H.09.024$p20143779$r2024-09-10 00:00:00$w2024-09-10$yBOO
=999  \\$d22215

