=LDR  02798nam a22003137a 4500
=001  22216
=005  20250925143311.0
=008  240910s1911\\\\|||gcao|\||||\00|\0ddut\d
=041  \\$adut
=100  \\$aHutschenruyter, Wouter$d1859-1943$1http://www.wikidata.org/entity/Q4502839$4aut$927597
=245  \\$aProgramma van den Beethoven-Cyclus April 1911 in het Gebouw v. Kunsten en Wetenschappen Zaal "Diligentia" te 's-Gravenhage
=246  \1$aBeethoven Cyclus$bs'Gravenhage April 1911
=260  \\$aThe Hague$bVereeniging "Het Beethovenhuis"$c1911
=300  \\$axv-[2]-272 pages$billustrated, colored and damaged paper cover, title page in black and red ink, red textgrid throughout, contains facsimiles, music examples, photographs and illustrations
=500  \\$aExtended programnotes with musical analyses, accompanying texts, illustrations, facsilime's and photographs to a series of 16 Beethoven concerts in The Hague between  8 & 30 april 1911
=500  \\$aillustrated front cover in Art Nouveau style by Antoon Molkenboer (1872-1960)
=500  \\$aIncomplete. Backcover and descriptions of concerts of 29 & 30 april are missing
=500  \\$adamaged binding
=500  \\$aIn the autumn of 1908, Willem Hutschenruyter's brochure Het Beethovenhuis (The Beethoven House) with drawings after H.P. Berlage's design appeared in print (published by S.L. van Looy in Amsterdam), which led to the foundation of the Vereeniging ‘Het Beethovenhuis’. In April 1911, this association organised an extensive Beethoven cycle in The Hague, to which Siegmund von Hausegger, Willem Kes and Henri Viotta were invited as conductors, who took turns conducting the Residentie Orchestra. The aim of the association and the organisation of the Hague Beethoven cycle were considered by many to be directed against the Amsterdam Concertgebouw and its conductor Willem Mengelberg; 
=504  \\$ahttps://www.google.com/url?sa=t&source=web&rct=j&opi=89978449&url=https://upload.wikimedia.org/wikipedia/commons/1/1a/Het_Beethovenhuis_%2528IA_hetbeethovenhuis00huts%2529.pdf&ved=2ahUKEwiL0PfYh7iIAxXYfKQEHU8uGzkQFnoECBUQAQ&usg=AOvVaw0Nlm1L3E78Dr9uMnhZuZ4z
=600  \0$aBeethoven, Ludwig van$d1770-1827$1http://www.wikidata.org/entity/Q255$95335
=610  \0$aVereeniging Het Beethovenhuis (Netherlands)$927598
=648  \0$a20th Century (1901-2000)$1http://www.wikidata.org/entity/Q6927$920936
=650  \0$aConcert$1http://www.wikidata.org/entity/Q182832$921044
=651  \0$aThe Hague (Netherlands)$1http://www.wikidata.org/entity/Q36600$910
=856  \\$u[]$3https://catalog.hathitrust.org/Record/100696032
=942  \\$cBOO
=952  \\$00$10$2ddc$40$6KTS_1_000000000000000_H_09_023$70$8RAR$923568$aORPH$bORPH$cKTS1_H$d2024-09-10$l0$oKTS1 H.09.023$p20143778$r2024-09-10 00:00:00$w2024-09-10$yBOO
=999  \\$d22216

