=LDR  02125nam a22003137a 4500
=001  22217
=005  20250925143311.0
=008  240910s1926\\\\|||ch|||\||||\00|\0bfre\d
=041  \\$afre
=100  \\$aLe Roux, Hugues$d1860-1925$1http://www.wikidata.org/entity/Q3142623$4aut$927601
=245  \\$aLa Dugazon
=260  \\$aParis$bAlcan$c1926
=300  \\$a137-[8] pages$bpaper bound, contains portraits and facsimile's
=490  \\$aActeurs et actrices d'autrefois. Documents et Anecdotes publiés psous la direction de M. Louis Schneider
=500  \\$aHugues Le Roux was a French journalist, politician and writer
=500  \\$aLouise-Rosalie Lefebvre was born in Berlin. She made her debut at the age of 14 at the Paris Comédie-Italienne in 1769. Having married the actor Jean-Henri Gourgaud dit Dugazon, she became known as Madame Dugazon and enjoyed a brilliant career as an actress, singer (mezzo) and dancer. She scored what was perhaps her greatest success in the title role of Nicolas Dalayrac's Nina ou la Folle par amour, performed at the Opéra-Comique (Salle Favart) in 1786.
Extremely popular first as a lover, then as a mother, she left her name to these roles as well as to a new vocal category: the light mezzo-soprano or dugazon. 
=600  \0$aLefebvre, Louise-Rosalie $d1755-1821$927611
=648  \0$a20th Century (1901-2000)$1http://www.wikidata.org/entity/Q6927$920936
=648  \0$a18th Century (1701-1800)$1http://www.wikidata.org/entity/Q7015$920899
=648  \0$a19th Century (1801-1900)$1http://www.wikidata.org/entity/Q6955$920935
=650  \0$aSinger$1http://www.wikidata.org/entity/Q177220$93915
=650  \0$aDancer$1http://www.wikidata.org/entity/Q5716684$923366
=650  \0$aActor$1http://www.wikidata.org/entity/Q33999$93442
=650  \0$aBiography$1http://www.wikidata.org/entity/Q36279$91927
=700  \\$aLe Roux, Alfred$4aut$927602
=942  \\$cBOO
=952  \\$00$10$2ddc$40$6KTS_1_000000000000000_H_09_027$70$8RAR$923569$aORPH$bORPH$cKTS1_H$d2024-09-10$l0$oKTS1 H.09.027$p20143782$r2024-09-10 00:00:00$w2024-09-10$yBOO
=999  \\$d22217
=533  \\$aDigitized by iGuana, Spring 2025.

