=LDR  01453nam a22002297a 4500
=001  22218
=008  240910s1883\\\\|||ah|||\||||\00|\0\fre\d
=041  \\$afre
=100  \\$aLajarte, Théodore Dufaure de $d1826-1890$1http://www.wikidata.org/entity/Q15556371$4aut$927603
=245  \\$aLes curiosités de l'opéra
=260  \\$aParis$bLévy$c1883
=300  \\$a[vi]-249-[1] pages$bpaper bound, plastic cover, illustrated frontcover, folded pages
=500  \\$aThéodore Lajarte was a French musicologist, librarian, and composer. He is best remembered for his position as an archivist at the Paris Opera, organizing the theatre's historical scores and parts,and  publishing a chronological inventory of scores under the title Bibliothèque musicale du théâtre de l'Opéra in 1876.
=610  \0$aOpéra-Comique (Paris, France)$1http://www.wikidata.org/entity/Q872222$920953
=648  \0$a19th Century (1801-1900)$1http://www.wikidata.org/entity/Q6955$920935
=650  \0$aOpera$1http://www.wikidata.org/entity/Q1344 $92468
=650  \0$aMusic history$1http://www.wikidata.org/entity/Q846047$921373
=651  \0$aParis (France)$1http://www.wikidata.org/entity/Q90$9160
=856  \\$uhttps://gallica.bnf.fr/ark:/12148/bpt6k6472271g/f11.item.texteImage$3Gallica
=942  \\$cBOO
=952  \\$00$10$2ddc$40$6KTS_1_000000000000000_H_09_028$70$8RAR$923570$aORPH$bORPH$cKTS1_H$d2024-09-10$l0$oKTS1 H.09.028$p20143783$r2024-09-10 00:00:00$w2024-09-10$yBOO
=999  \\$d22218

