=LDR  01354nam a22002417a 4500
=001  22219
=008  240910s1866\\\\||||||||\||||\00|\0bdut\d
=041  \\$adut$hger
=100  \\$aMühlbrecht, Otto$d1838-1906$1http://www.wikidata.org/entity/Q19223057$4aut$927604
=245  \\$aLudwig van Beethoven. $bZijn leven en zijne werken
=260  \\$aLeiden$bDe Breuk & Smits$c1866
=300  \\$a[ii]-111 pages
=534  \\$cLeipzig, Merseburger, 1866$ohttps://books.google.be/books?id=0VIu2MZfHCMC&printsec=frontcover&hl=nl&source=gbs_ge_summary_r&cad=0#v=onepage&q&f=false$ohttps://www.digitale-sammlungen.de/en/view/bsb10600044?page=,1
=561  \\$aEx libris Gemeente Ledeberg Schoolbibliotheek (Stamp)
=600  \0$aBeethoven, Ludwig van$d1770-1827$1http://www.wikidata.org/entity/Q255$95335
=648  \0$a19th Century (1801-1900)$1http://www.wikidata.org/entity/Q6955$920935
=650  \0$aBiography$1http://www.wikidata.org/entity/Q36279$91927
=650  \0$aMusic history$1http://www.wikidata.org/entity/Q846047$921373
=650  \0$aComposer$1http://www.wikidata.org/entity/Q36834$93625
=765  \\$aBeethoven und seine Werke. Eine biographsche-bibliographische Skizze.
=942  \\$cBOO
=952  \\$00$10$2ddc$40$6KTS_1_000000000000000_H_09_029$70$8RAR$923571$aORPH$bORPH$cKTS1_H$d2024-09-10$l0$oKTS1 H.09.029$r2024-09-10 00:00:00$w2024-09-10$yBOO
=999  \\$d22219

