=LDR  01323nam a22002297a 4500
=001  22220
=008  240910s1857\\\\|||cg|||\||||\00|\ibfre\d
=041  \\$afre$hger
=100  \\$aGoschler, I.$4trl$4aut$927605
=245  \\$aMozart. Vie d'un artiste chrétien au xviiie siècle,$bextraite de sa correspondance authentique, traduite et publiée pour la première fois en français
=260  \\$aParis$bDouniol$c1857
=300  \\$aviii-351 pages$bleather spine and corners, marbled front and backcover, marbled frontpapers, pasted portrait on frontispiece, pasted plate on endpapers
=600  \0$aMozart, Wolfgang Amadeus$d1756-1791$1http://www.wikidata.org/entity/Q254$95341
=648  \0$a18th Century (1701-1800)$1http://www.wikidata.org/entity/Q7015$920899
=648  \0$a19th Century (1801-1900)$1http://www.wikidata.org/entity/Q6955$920935
=650  \0$aComposer$1http://www.wikidata.org/entity/Q36834$93625
=650  \0$aCorrespondence$1http://www.wikidata.org/entity/Q1784733$921392
=650  \0$aBiography$1http://www.wikidata.org/entity/Q36279$91927
=856  \\$uhttps://books.google.be/books?id=w3RFAQAAMAAJ$3Google Books
=942  \\$cBOO
=952  \\$00$10$2ddc$40$6KTS_1_000000000000000_H_09_030$70$8RAR$923572$aORPH$bORPH$cKTS1_H$d2024-09-10$l0$oKTS1 H.09.030$p20143785$r2024-09-10 00:00:00$w2024-09-10$yBOO
=999  \\$d22220

