=LDR  01314nam a22002177a 4500
=001  22221
=005  20251001162314.0
=008  240910s1883\\\\||||||||\||||\00|\0\fre\d
=041  \\$afre
=100  \\$aWeber, johannes$d1818-1902$927606
=245  \\$aLes illusions musicales
=260  \\$aParis$bFischbacher$c1883
=300  \\$a[viii]-223-[4] pages$bleather gold embossed spine, marbled front- and backcover, title page in red and black ink
=500  \\$aJohannes Weber (1818-1902) was Meyerbeer's secretary and wrote the musical feuilleton for Le Temps from 1861 to 1895. The author of works on music and education in France, he also took an interest in aesthetics and translated Lindau's Richard Wagner  (1885). His notable contributions to the RNM attest to the quality of his work.
=648  \0$a19th Century (1801-1900)$1http://www.wikidata.org/entity/Q6955$920935
=650  \0$aMusic philosophy and aesthetics$1http://www.wikidata.org/entity/Q2092865$921165
=856  \\$uhttps://archive.org/details/lesillusionsmusi00webe_0$3Internet Archive
=856  \\$uhttps://books.google.be/books?id=Ax1NAAAAMAAJ$3Google Books
=942  \\$cBOO
=952  \\$00$10$2ddc$40$6KTS_1_000000000000000_H_09_031$70$8RAR$923573$aORPH$bORPH$cKTS1_H$d2024-09-10$l0$oKTS1 H.09.031$p20143786$r2024-09-10 00:00:00$w2024-09-10$yBOO
=999  \\$d22221

