=LDR  01926nam a22003137a 4500
=001  22222
=008  240910s1909\\\\|||c||||\||||\00|\0bfre\d
=041  \\$afre
=100  \\$aDufour, Fr.$4aut$927607
=245  \\$aLe Baron Fr.-Aug. Gevaert
=246  \1$aLe Baron François-Auguste Gevaert
=260  \\$aBrussels$bSociété Belge de Librairie$c1909
=300  \\$a60 pages
=490  \\$aLettres et Arts Belges. Collection Diamant. Serie artistique$v1
=500  \\$aGevaert was a Belgian composer and organist. He is mainly remembered in music history as a music educator and conservatory director and as a musicologist, who published on music in antiquity, church music, orchestration and instrumentation.  Like Fétis, he played an important role in the revaluation of early music, from antiquity to the 18th century. In 1907, he was made a baron by King Leopold II of Belgium. 
=563  \\$apaper binding
=600  \0$aGevaert, François-Auguste$cBaron$d1828-1908$1http://www.wikidata.org/entity/Q682376$916810
=610  \0$aConservatoire royal de musique (Brussels, Belgium)$1http://www.wikidata.org/entity/Q336968$91443
=648  \0$a19th Century (1801-1900)$1http://www.wikidata.org/entity/Q6955$920935
=650  \0$aBiography$1http://www.wikidata.org/entity/Q36279$91927
=650  \0$aComposer$1http://www.wikidata.org/entity/Q36834$93625
=650  \0$aMusicologist$1http://www.wikidata.org/entity/Q14915627$92342
=650  \0$aOrganist$1http://www.wikidata.org/entity/Q765778$94471
=650  \0$aMusic teacher$1http://www.wikidata.org/entity/Q16145150$93068
=651  \0$aBelgium$1http://www.wikidata.org/entity/Q31$920881
=700  \\$aTinel, Edgar$d1854-1912$1http://www.wikidata.org/entity/Q377071$4dte$921011
=942  \\$cBOO
=952  \\$00$10$2ddc$40$6KTS_1_000000000000000_H_09_032$70$8RAR$923574$aORPH$bORPH$cKTS1_H$d2024-09-10$l0$oKTS1 H.09.032$p20143787$r2024-09-10 00:00:00$w2024-09-10$yBOO
=999  \\$d22222

