=LDR  01601nem a22002057a 4500
=001  22223
=005  20250925143311.0
=008  240910k19732000||||||||\||||\00|\||\\\\d
=100  \\$aMulder, Walter De$d1933-2022$1http://www.wikidata.org/entity/Q21646363$4pht$927608
=245  \\$a[collection of postcards of musical directors]
=300  \\$a12 cards
=500  \\$aWalter De Mulder was a Belgian photographer, co-founder of the Centre for Creative Photography in Ghent, curator and teacher. He photographed Flemish daily life, the living world of people and landscapes, advancing industrialisation, as well as artists. De Mulder's photography contributed to the visual memory of Flanders. His technique, ability to capture the essence of subjects and focus on vanishing rural Flanders have made his work timeless
=500  \\$aFrom '‘Maestro", a collection of black & white photographs of international conductors taken by De Mulder between 1973 and 2000 (Eugen Jochum, Lorin Maazel, Vladimir Ashkenazy, Nikolaus Harnoncourt, Bernhard Haitink, James Conlon, Ton Koopman, Zubin Mehta, Karl Boehm, Riccardo Muti, Claudio Abbado & Herbert von Karajan)
=590  \\$aIBM - Nikon Camera's
=648  \0$a20th Century (1901-2000)$1http://www.wikidata.org/entity/Q6927$920936
=650  \0$aConductor$1http://www.wikidata.org/entity/Q158852$93134
=650  \0$aPhotography$1http://www.wikidata.org/entity/Q11633$91982
=942  \\$cEPH
=952  \\$00$10$2ddc$40$6KTS_1_000000000000000_H_09_033$70$8RAR$923575$aORPH$bORPH$cKTS1_H$d2024-09-10$l0$oKTS1 H.09.033$p20143788$r2024-09-10 00:00:00$w2024-09-10$yEPH
=999  \\$d22223

