=LDR  01372nam a22002657a 4500
=001  22224
=005  20250925143311.0
=008  240910s1923\\\\|||acho|\||||\00|\0bfre\d
=041  \\$afre
=100  \\$aLorrain, Marthe$4aut$927609
=245  \\$aGuillaume Lekeu.$bSa correspondance, sa vie & son oeuvre
=260  \\$aLiege$c1923
=300  \\$a[viii]-359-[6] pages$bfolded pages, loose page
=500  \\$a Lekeu is regarded as a highly talented Belgian composer whose death cut short a promising musical career. 
=590  \\$aM. Lorrain, Professeur d'Histoire de la Musique au lycée Warocqué, Ancien Directeur musical de l'Oeuvre des Artistes de Verviers
=600  \0$aLekeu, Guillaume$d1870-1894$1http://www.wikidata.org/entity/Q450990$927610
=648  \0$a20th Century (1901-2000)$1http://www.wikidata.org/entity/Q6927$920936
=648  \0$a19th Century (1801-1900)$1http://www.wikidata.org/entity/Q6955$920935
=650  \0$aComposer$1http://www.wikidata.org/entity/Q36834$93625
=650  \0$aMusic history$1http://www.wikidata.org/entity/Q846047$921373
=650  \0$aBiography$1http://www.wikidata.org/entity/Q36279$91927
=942  \\$cBOO
=952  \\$00$10$2ddc$40$6KTS_1_000000000000000_H_09_034$70$8RAR$923576$aORPH$bORPH$cKTS1_H$d2024-09-10$l0$oKTS1 H.09.034$p20143789$r2024-09-10 00:00:00$w2024-09-10$yBOO
=999  \\$d22224
=533  \\$aDigitized by iGuana, Spring 2025.

