=LDR  03514nam a22003377a 4500
=001  22225
=005  20250925143311.0
=008  240913k19031908|||g||||\||||\00|\0\dut\d
=100  \\$aVan Duyse, Florimond$d1843-1910$1http://www.wikidata.org/entity/Q3035890$4aut$4col$4edt$98084
=245  \\$aHet Oude Nederlandsche Lied.$bWereldlijke en geestelijke liederen uit vroegeren tijd. Teksten en melodieën verzameld en toegelicht$n4/4
=260  \\$a1903-1908$bDe Nederlandse Boekhandel$cAntwerp
=300  \\$a4 vols ([iv]-xxxvi-8-896 + [iv]-12-939 + [vi]-12-912 + [vi]-95 pages)$bLeather spine and corners, marbled front- and backcover
=500  \\$aVan Duyse, a Belgian lawyer, composer and musicologist, fought for the use of the Dutch language in court proceedings, and finally made the first plea in Dutch at the Military Court in 1888. Throughout his life, he studied Dutch song in all its forms: the Souterliedekens, the Antwerps liedboek, the Geuzenliederen, the Gruuthuse manuscript and the contemporary compilations of Edmond de Coussemaker, Jan Bols and Jan Frans Willems, among others. He collected Dutch, Flemish and Walloon folk songs and published several volumes of them.
=500  \\$aAnthology containing songs (a total of over 1,500 text variants, over 1,000 of which have musical notation) from sources from the Middle Ages to the nineteenth century. These are folk songs (which had been handed down orally and whose author was no longer known) and, to a limited extent, songs by well-known lyricists, which were included in active song culture. Unlike other song collectors around 1900, who recorded folk song lyrics, Van Duyse exclusively used songbooks, manuscripts and magazines as sources. The songbook is considered the standard work for Dutch folksongs and was labelled by reviewers and song researchers as an ‘improbably well-documented’ and ‘monumental anthology’
=504  \\$ahttps://nl.wikipedia.org/wiki/Het_oude_Nederlandsche_lied
=561  \\$aEx libris Bibliothèque de l'UCL Institut Supérieur archéologique & Histoire d'Art (Stamp)
=561  \\$aEx libris "Van Frans, gegeven op mijn  verjaardag 12 april '38" (manuscript)
=648  \0$a20th Century (1901-2000)$1http://www.wikidata.org/entity/Q6927$920936
=650  \0$aSong$1http://www.wikidata.org/entity/Q7366$94164
=651  \0$aBelgium$1http://www.wikidata.org/entity/Q31$920881
=651  \0$aNetherlands$1http://www.wikidata.org/entity/Q55$9173
=856  \\$uhttps://www.dbnl.org/tekst/duys001oude01_01/duys001oude01_01_0001.php$3Deel 1
=856  \\$uhttps://www.dbnl.org/tekst/duys001oude02_01/$3Deel 2
=856  \\$uhttps://www.dbnl.org/tekst/duys001oude03_01/$3Deel 3
=856  \\$uhttps://www.dbnl.org/tekst/duys001oude04_01/$3Deel 4 Register
=942  \\$cBOO
=952  \\$00$10$2ddc$3Deel 1$40$6KTS_1_000000000000000_H_09_038$70$8RAR$923577$aORPH$bORPH$cKTS1_H$d2024-09-13$l0$oKTS1 H.09.038$p20143790$r2024-09-13 00:00:00$w2024-09-13$yBOO
=952  \\$00$10$2ddc$3Deel 2$40$6KTS_1_000000000000000_H_09_039$70$8RAR$923578$aORPH$bORPH$cKTS1_H$d2024-09-13$l0$oKTS1 H.09.039$p20143791$r2024-09-13 00:00:00$w2024-09-13$yBOO
=952  \\$00$10$2ddc$3Deel 3$40$6KTS_1_000000000000000_H_09_040$70$8RAR$923579$aORPH$bORPH$cKTS1_H$d2024-09-13$l0$oKTS1 H.09.040$p20143792$r2024-09-13 00:00:00$w2024-09-13$yBOO
=952  \\$00$10$2ddc$3Deel 4 Register$40$6KTS_1_000000000000000_H_09_041$70$8RAR$923580$aORPH$bORPH$cKTS1_H$d2024-09-13$l0$oKTS1 H.09.041$p20143793$r2024-09-13 00:00:00$w2024-09-13$yBOO
=999  \\$d22225

