=LDR  01516nam a22002777a 4500
=001  22226
=008  240913s1896\\\\|||ga|||\||||\00|\0\fre\d
=041  \\$afre
=100  \\$aGevaert, François-Auguste$cBaron$d1828-1908$1http://www.wikidata.org/entity/Q682376$4aut$916810
=245  \\$aÀ propos de la mélopée antique dans le chant de l'église latine
=260  \\$aBrussels$aParis$bKatto$bColombier$c1896
=300  \\$a19 pages
=534  \\$cGhent: Hoste, 1895$ohttps://gallica.bnf.fr/view3if/ga/ark:/12148/bpt6k3413463n
=590  \\$aCommentaire publiés dans la Fédération artistique
=648  \0$aClassical Antiquity (8th Century BC-6th Century AD)$1http://www.wikidata.org/entity/Q486761$921435
=648  \0$a19th Century (1801-1900)$1http://www.wikidata.org/entity/Q6955$920935
=650  \0$aChurch music$1http://www.wikidata.org/entity/Q8812109$92283
=650  \0$aVocal music$1http://www.wikidata.org/entity/Q685884$93319
=650  \0$aMusic theory$1http://www.wikidata.org/entity/Q193544$92662
=650  \0$aLiturgy$1http://www.wikidata.org/entity/Q172331$92284
=650  \0$aMusic history$1http://www.wikidata.org/entity/Q846047$921373
=650  \0$aPlainchant$1http://www.wikidata.org/entity/Q2707688$921363
=700  \\$aMeerens, Charles$d1831-1909$1http://www.wikidata.org/entity/Q19998185$916159
=942  \\$cBOO
=952  \\$00$10$2ddc$40$6KTS_1_000000000000000_H_10_002$70$8RAR$923581$aORPH$bORPH$cKTS1_H$d2024-09-13$l0$oKTS1 H.10.002$p20143796$r2024-09-13 00:00:00$w2024-09-13$yBOO
=999  \\$d22226

