=LDR  01512nam a22002777a 4500
=001  22227
=005  20250925143311.0
=008  240913s1911\\\\||||||||\||||\00|\0\dut\d
=041  \\$adut
=100  \\$aVerschueren, Julien$d1830-1911$4aut$927612
=245  \\$aHet vijf-en-zeventigjarig bestaan van het Koninklijk Conservatorium van Gent 1836-1911.$bBeknopte geschiedkundige beschrijving
=260  \\$aGhent$bVan Der Haeghen$c1911
=300  \\$a26 pages
=500  \\$aPriest Julien Verschueren (1830- 1911) built a regional press empire in East Flanders with newspapers such as De Vlaemsche Leeuw and De Gentenaar, which were Flemish as well as Catholic.
=610  \0$aKoninklijk Muziekconservatorium van Gent (Ghent, Belgium)$927356
=648  \0$a19th Century (1801-1900)$1http://www.wikidata.org/entity/Q6955$920935
=648  \0$a20th Century (1901-2000)$1http://www.wikidata.org/entity/Q6927$920936
=650  \0$aLegacy$1http://www.wikidata.org/entity/Q623282$922131
=650  \0$aBirthday$1http://www.wikidata.org/entity/Q47223$926112
=650  \0$aMusic education$1http://www.wikidata.org/entity/Q27908$921766
=650  \0$aConservatory$1http://www.wikidata.org/entity/Q184644$926197
=651  \0$aGhent (Belgium)$1http://www.wikidata.org/entity/Q1296$920924
=942  \\$cBOO
=952  \\$00$10$2ddc$40$6KTS_1_000000000000000_H_10_004$70$8RAR$923582$aORPH$bORPH$cKTS1_H$d2024-09-13$l0$oKTS1 H.10.004$p20143798$r2024-09-13 00:00:00$w2024-09-13$yBOO
=999  \\$d22227
=533  \\$aDigitized by iGuana, Spring 2025.

