=LDR  01970nam a22003017a 4500
=001  22228
=005  20250925143311.0
=008  240913s1911\\\\|||ogch|\||||\00|\0\mul\d
=041  \\$adut$afre
=245  \\$a1835-1910 Conservatoire Royal de Gand - Koninklijk Conservatorium van Gent$b18 november 1911 - 75e Anniversaire de sa fondation -  75e verjaring zijner stichting
=260  \\$aGhent$bBuyck$c1912
=300  \\$a99-[20] pages
=500  \\$aContains amongst others speeches by Edgar Tinel, Ligy & Lebrun, an article by Richard De Cneudt about Charles Miry  (published earlier in "Gent XXe eeuw"), lists of teachers, directors and graduates, facsimiles of scores by students and directors
=563  \\$aHallway example: paper frontcover contains stamp in red sealing wax, contains 20 unpaginated photos, portraits and music facsimiles.
=563  \\$aKoopman example (TOP BE.GHE) : damaged paper front cover
=610  \0$aKoninklijk Muziekconservatorium van Gent (Ghent, Belgium)$927356
=648  \0$a19th Century (1801-1900)$1http://www.wikidata.org/entity/Q6955$920935
=648  \0$a20th Century (1901-2000)$1http://www.wikidata.org/entity/Q6927$920936
=650  \0$aConservatory$1http://www.wikidata.org/entity/Q184644$926197
=650  \0$aMusic education$1http://www.wikidata.org/entity/Q27908$921766
=650  \0$aBirthday$1http://www.wikidata.org/entity/Q47223$926112
=650  \0$aLegacy$1http://www.wikidata.org/entity/Q623282$922131
=651  \0$aGhent (Belgium)$1http://www.wikidata.org/entity/Q1296$920924
=942  \\$cBOO
=952  \\$00$10$2ddc$40$6KTS_1_000000000000000_H_10_005$70$8RAR$923583$aORPH$bORPH$cKTS1_H$d2024-09-13$l0$oKTS1 H.10.005$p20143799$r2024-09-13 00:00:00$w2024-09-13$yBOO
=952  \\$00$10$2ddc$40$6TOP_BE_GHE_6_000000000000000$70$8TOP$925008$aORPH$bORPH$cKTS0$d2024-09-13$eKoopman$i31C30$l1$m2$oTOP BE.GHE 6$p20123239$r2025-10-20 15:04:40$s2025-06-23$w2024-09-13$yBOO
=999  \\$d22228
=533  \\$aDigitized by iGuana, Spring 2025.

