=LDR  01391nam a22002177a 4500
=001  22229
=008  240913s1879\\\\||||||||\l|||l00|\0\mul\d
=041  \\$afre$adut
=245  \\$aVille de Gand. Conservatoire Royal de Gand. Réglement organique - Ministère de l'Intérieur. Arrêté ministériel. Réglement d'ordre intérieur$bStad Gent. Koninklijk Muziekconservatorium. Organiek reglement - Ministerie van Binnenlandse Zaken. Ministrieel besluit. Reglement van inwendige orde.
=300  \\$a21-[4]-20-[2]-24-[2]-20 pages
=563  \\$aColored illustrated endpapers, leather binding, gilded embossed spine
=590  \\$aUittreksel van het Belgische Staatsblad van den 17 februari 1880, no.48 - Extrait du Moniteur Belge du 17 février 188,0 no.48
=610  \0$aKoninklijk Muziekconservatorium van Gent (Ghent, Belgium)$927356
=648  \0$a19th Century (1801-1900)$1http://www.wikidata.org/entity/Q6955$920935
=650  \0$aLaw$1http://www.wikidata.org/entity/Q7748$93727
=650  \0$aMusic education$1http://www.wikidata.org/entity/Q27908$921766
=650  \0$aConservatory$1http://www.wikidata.org/entity/Q184644$926197
=651  \0$aGhent (Belgium)$1http://www.wikidata.org/entity/Q1296$920924
=942  \\$cBOO
=952  \\$00$10$2ddc$40$6KTS_1_000000000000000_H_10_006$70$8RAR$923584$aORPH$bORPH$cKTS1_H$d2024-09-13$l0$oKTS1 H.10.006$p20143800$r2024-09-13 00:00:00$w2024-09-13$yBOO
=999  \\$d22229

