=LDR  01051nam a22002057a 4500
=001  22230
=008  240913s1872\\\\||||||||\||||\00|\0\fre\d
=041  \\$afre
=100  \\$aGregoir, Edouard G. J.$d1822-1890$1http://www.wikidata.org/entity/Q3719715$4aut$915702
=245  \\$aRecherches historiques concernant les journaux de musique$bdepuis les temps mes plus reculés jusqu'à nos jours
=260  \\$aAntwerp$bLegros$c1872
=300  \\$a71 pages$bunderlining and markings in pencil
=648  \0$a19th Century (1801-1900)$1http://www.wikidata.org/entity/Q6955$920935
=650  \0$aMusic history$1http://www.wikidata.org/entity/Q846047$921373
=650  \0$aJournalism$1http://www.wikidata.org/entity/Q11030$921960
=650  \0$aPeriodical$1http://www.wikidata.org/entity/Q1002697$921106
=856  \\$uhttps://books.google.be/books?id=CBkJAQAAMAAJ$3Google Books
=942  \\$cBOO
=952  \\$00$10$2ddc$40$6KTS_1_000000000000000_H_10_007$70$8RAR$923585$aORPH$bORPH$cKTS1_H$d2024-09-13$l0$oKTS1 H.10.007$p20143801$r2024-09-13 00:00:00$w2024-09-13$yBOO
=999  \\$d22230

