=LDR  01116nam a2200229 u 4500
=001  22238
=008  080218s2008\\\\be\ag\\||\\\\|010\||mul|c
=020  \\$a9789058676504
=041  \\$aeng$aita$ager$afre
=245  00$a"Recevez ce mien petit labeur":$bStudies in Renaissance Music in Honour of Ignace Bossuyt
=260  \\$aLeuven$bLeuven University Press$c2008
=300  \\$a311 pages$billustrations, music examples
=600  \0$aBossuyt, Ignace$1http://www.wikidata.org/entity/Q2419781$916619
=648  \0$a15th Century (1401-1500)$1http://www.wikidata.org/entity/Q7018$921015
=648  \0$a16th Century (1501-1600)$1http://www.wikidata.org/entity/Q7017$920944
=650  \0$aMusic history$1http://www.wikidata.org/entity/Q846047$921373
=650  \0$aMusic criticism$1http://www.wikidata.org/entity/Q11748889$921598
=700  1\$aDelaere, Mark,$d1958-$4edt
=700  \\$aBergé, Pieter$1http://www.wikidata.org/entity/Q102322746$4edt$915991
=942  \\$cBOO
=952  \\$00$10$2ddc$40$6GHM_4_000000000000000$70$8GHM$923596$aORPH$bORPH$cKM12_1$d2024-09-17$l0$oGHM4$p20143811$r2024-09-17 00:00:00$w2024-09-17$yBOO
=999  \\$d22238

