=LDR  01032cam a22002051  4500
=001  22239
=005  20251001162314.0
=008  750401s1963\\\\gw\\\\\||\\\\|000\||ger||
=041  \\$ager
=100  1\$aWellek, Albert$d1904-1972$4aut$927624
=245  10$aMusikpsychologie und Musikästhetik:$bGrundriss der systematischen Musikwissenschaft
=260  \\$aFrankfurt am Main$bAkademische Verlagsgesellschaft$c1963
=300  \\$axv-391 pages$b8 plates
=500  \\$aAlbert Wellek (1904-1972) was an Austrian-German psychologist. He is considered a co-founder of modern music psychology and representative of humanities oriented psychology in the 20th century.
=504  \\$aBibliography: p. [339]-364.
=650  \0$aMusic psychology$1http://www.wikidata.org/entity/Q476590$921788
=650  \0$aMusic philosophy and aesthetics$1http://www.wikidata.org/entity/Q2092865$921165
=942  \\$cBOO
=952  \\$00$10$2ddc$40$6AES_WELL$70$8AES$923597$aORPH$bORPH$cKM12_1$d2024-09-17$l0$oAES WELL$p20143812$r2024-09-17 00:00:00$w2024-09-17$yBOO
=999  \\$d22239

