=LDR  00984nam a22002177i 4500
=001  22240
=008  000710s1949\\\\pl\||||||\\\\|||||\|mul|c
=041  \7$apol$afre
=100  1\$aSydow, Bronisław Edward$4aut$927625
=245  10$aBibliografia F. F. Chopina
=246  11$aBibliographie de F. F. Chopin
=260  \\$aWarsaw$bTowarzystwo naukowe warszawskie$bWarsaw Scientific Society$c1949
=300  \\$axxvii-586+xxviii-179 pages
=500  \\$aContains 11527 bibliographical references on F.F. Chopin
=600  \0$aChopin, Frédéric$d1810-1849$1http://www.wikidata.org/entity/Q1268$916495
=650  \0$aBibliography$1http://www.wikidata.org/entity/Q134995$93965
=650  \0$aComposer$1http://www.wikidata.org/entity/Q36834$93625
=651  \0$aPoland$1http://www.wikidata.org/entity/Q36$996
=942  \\$cBOO
=952  \\$00$10$2ddc$40$6KTS_1_000000000000000_H_10_012$70$8RAR$923598$aORPH$bORPH$cKTS1_H$d2024-09-17$l0$oKTS1 H.10.012$p20143813$r2024-09-17 00:00:00$w2024-09-17$yBOO
=999  \\$d22240

