=LDR  00753nam a2200157 a 4500
=001  22241
=008  991125s1955\\\\be\\\\\|r\\\\|000\||dut|d
=041  \\$adut
=100  \\$aBruning, E.$1http://www.wikidata.org/entity/Q97064945$4aut$99961
=245  13$aDe Middelnederlandse liederen van het onlangs ontdekte handschrift van Tongeren (omstreeks 1480)
=260  \\$aGent$bSecretarie der Academie$c1955
=300  \\$a58 pages$billustrations, music examples
=490  0\$aKoninklijke Vlaamsche academie voor taal- en letterkunde. 8e reeks: Uitgave van het Salsmans-fonds$v5
=942  \\$cBOO
=952  \\$00$10$2ddc$40$6KTS_1_000000000000000_H_10_010$70$8RAR$923600$aORPH$bORPH$cKTS1_H$d2024-09-18$l0$oKTS1 H.10.010$p20143815$r2024-09-18 00:00:00$w2024-09-18$yBOO
=999  \\$d22241

