=LDR  02130aam a2200205   4500
=001  22242
=008  150520s1888\\\\\\\gac\\\\\\\\\\\\0\fre\d
=041  \\$afre
=100  \\$aGregoir, Edouard G. J.$d1822-1890$4aut$1http://www.wikidata.org/entity/Q3719715$915702
=245  \\$aSouvenirs artistiques :$bdocuments pour servir a l'histoire de la musique$n3 vols.
=260  \\$bSchott$c1888$aBrussels$aParis$aLondon$aMainz$aAntwerp
=300  \\$a3 vols in 1 (195-iv+200+180 pages)$bmusic examples
=500  \\$aEdouard-Georges-Jacques Gregoir (Grégoir) was an author on music, a pianist and a composer. From 1844 on he engaged in reforming the teaching methods and systems in elementary schools, while shortly after he was commissioned by the Belgian government to organise choral education in the Belgian army. Henceforth Gregoir was intensely working in the field of music historiography, particularly proving his mettle with his historical writings on music in Belgium and on Belgian composers. His sources are not always considered to be entirely reliable.
=590  \\$aDocuments pour Servir a l'Histoire de la Musique; Compositeurs, Instrumentistes, Cantatrices, Chanteurs, Publications Musicales, Poésies en l'Honneur de Musiciens, Artistes Restes Inconnus, Anecdotes, Debuts d'Artistes, Premières auditions d'oeuvres musicales, Concerts, Théâtres, Autographes rares de musiciens, Anciennes chansons en notation musicale, Portraits, épitaphes, Fêtes musicales et patriotiques, Nouvelles salles de Spectacles, Instruments de musique, Notices nécrologiques et bibliographiques, Expertises d'orgues, Musique religieuse, Ballets, Nouvelles inventions, incendies de théâtres, Carillons et Cloches, etc., etc.
=648  \0$a19th Century (1801-1900)$1http://www.wikidata.org/entity/Q6955$920935
=650  \0$aMusic history$1http://www.wikidata.org/entity/Q846047$921373
=651  \0$aBelgium$1http://www.wikidata.org/entity/Q31$920881
=942  \\$cBOO
=952  \\$00$10$2ddc$40$6KTS_1_000000000000000_H_10_011$70$8GHM$923601$aORPH$bORPH$cKTS1_H$d2024-09-23$l0$oKTS1 H.10.011$p20143816$r2024-09-23 00:00:00$w2024-09-23$yBOO
=999  \\$d22242

