=LDR  00828nam a2200181 a 4500
=001  22243
=008  021213s1873\\\\ne\\\\\|r\\\\|000\||dut|d
=041  \\$adut
=100  1\$aGallée, Johan Hendrik$d1847-1908$1https://isni.org/isni/0000000081157691$0(viaf)37015462$4aut$927626
=245  10$aBijdrage tot de geschiedenis der dramatische vertooningen in de Nederlanden gedurende de middeleeuwen
=260  \\$aHaarlem$bKruseman$c1873
=300  \\$a127 pages
=502  \\$aDiss. doct. letteren en wijsbegeerte
=710  2\$aHogeschool Leiden
=856  \\$uhttps://www.dbnl.org/tekst/gall008bijd01_01/$3Digital Library for Dutch Literature (DBNL)
=942  \\$cBOO
=952  \\$00$10$2ddc$40$6KTS_1_000000000000000_H_10_013$70$8RAR$923602$aORPH$bORPH$cKTS1_H$d2024-09-23$l0$oKTS1 H.10.013$p20143817$r2024-09-23 00:00:00$w2024-09-23$yBOO
=999  \\$d22243

