=LDR  01942nam a2200301 a 4500
=001  22249
=008  010612s1934\\\\be\a\\\\r\\\\\000\p\dut\d
=041  \\$adut
=100  \\$aOgier, Willem$d1618-1689$0(viaf)90746678$4aut$927651
=245  13$aDe Hooveerdigheyt (1644)
=260  \\$aAntwerp$bDe Sikkel$c1934
=300  \\$a[xviii]-[48] pages
=490  0\$aDe toneelwerken van Guilliam Ogier 1618-1689 van Antwerpen$v2
=500  \\$aWillem Ogier, also Guilliam Ogier, (1618-1689) was a southern Dutch schoolmaster, rhetorician and playwright. Although sometimes referred to as a poet, Ogier was of humble origins and his stage-oriented work is characterised by a colourful Flemish vernacular. He is considered one of the most important playwrights of the Southern Netherlands of the 17th century.
=500  \\$aPrinted page numbers from XXXVII-LII and 42-88.
=561  \\$aEx libris A. Pelckmans (with text "lucem demonstrat umbra", plate)
=590  \\$aHerdr., ingel. en aanget. door Willem Van Eeghem; versierd met houtsneden door Henri Van Straten. Voor de seven sinjoren uitgegeven.
=648  \0$a17th Century (1601-1700)$1http://www.wikidata.org/entity/Q7016$920923
=650  \0$aTheater$1http://www.wikidata.org/entity/Q24354$92225
=650  \0$aComedy$1http://www.wikidata.org/entity/Q40831$921436
=650  \0$aRhetoricians$1http://www.wikidata.org/entity/Q1483341$92186
=651  \0$aAntwerp (Belgium)$1http://www.wikidata.org/entity/Q12892$920974
=700  1\$aEeghem, Willem van$d1880-1974$0(viaf)88922838$4edt$4win$4ann$927652
=700  1\$aStraten, Henri van$d1892-1944$0(viaf)56776797$4ill$927653
=856  \\$uhttps://www.dbnl.org/tekst/ogie002toon01_01/ogie002toon01_01_0013.php$3Digital Library for Dutch Literature (DBNL)
=942  \\$cBOO
=952  \\$00$10$2ddc$40$6KTS_1_000000000000000_H_07_036$70$8RAR$923608$aORPH$bORPH$cKTS1_H$d2024-09-26$l0$oKTS1 H.07.036$p20143818$r2024-09-26 00:00:00$w2024-09-26$yBOO
=999  \\$d22249

