=LDR  01996ncm a22002657a 4500
=001  22250
=008  240927s1841\\\\|||||l||\||||\00|\0\ger\d
=041  \\$ager
=059  \\$akbd
=100  \\$aKöstner, C.A.$927656
=245  \\$aAuszug aus dem Choral-Buch der evangelischen Brüdergemeine
=260  \\$aNiesky$bKöstner$c1841
=300  \\$a132-[5] pages$coblong
=500  \\$aKnouse, ‘The Music of the Moravian Church in America’ p. 140 - Rare (only traceable via KVK in Germany in the Augsburg University Library) - ‘Excerpt from the older chorale book from 1778’ with melodies ‘which are still used either at the meetings of the Moravian Church or by the trombone choir in the various parishes. In order to facilitate the playing of the chorales as much as possible, the complete chorales have not only been provided with the written-out parts in addition to the usual numbering, but have also been transferred from the already outdated and less well-known descant clef to treble clef’ (from the preface).- Niesky, today a small town in the district of Görlitz in Upper Lusatia, was only founded in 1742 as a colony of the Moravian Church.
=563  \\$aLinen spine and corners, marbled cardboard cover
=610  \0$aMoravian Church$1http://www.wikidata.org/entity/Q159318$922749
=648  \0$a19th Century (1801-1900)$1http://www.wikidata.org/entity/Q6955$920935
=648  \0$a18th Century (1701-1800)$1http://www.wikidata.org/entity/Q7015$920899
=650  \0$aChorale$1http://www.wikidata.org/entity/Q724473$921334
=651  \0$aNiesky (Saxony, Germany)$1http://www.wikidata.org/entity/Q165160$927657
=651  \0$aUSA$1http://www.wikidata.org/entity/Q30$943
=856  \\$uhttps://books.google.be/books?id=iYdIAAAAcAAJ&printsec=frontcover&hl=nl#v=onepage&q&f=false$3Google Books
=942  \\$cSCO
=952  \\$00$10$2ddc$40$6KTS_1_000000000000000_H_07_033$70$8RAR$923609$aORPH$bORPH$cKTS1_H$d2024-09-27$l0$oKTS1 H.07.033$p20143819$r2024-09-27 00:00:00$w2024-09-27$ySCO
=999  \\$d22250

