=LDR  02014ncc a22003377a 4500
=001  22251
=008  240927n\\\\\\\\|||||k||\||||\00|\0\mul\d
=041  \\$afre$aita
=059  \\$av pf
=100  \\$0      
=245  \\$a[Collection of Opera Arias]
=300  \\$a8-1-7-9-9-9-7-[1]-5-7-9-6-9-5-6-8-6-21-5-6-2-[1]-[6]-8-8-9-8-[1]-8-[3] pages
=648  \0$a19th Century (1801-1900)$1http://www.wikidata.org/entity/Q6955$920935
=650  \0$aAria$1http://www.wikidata.org/entity/Q178122$921592
=650  \0$aOpera$1http://www.wikidata.org/entity/Q1344 $92468
=700  \\$aDonizetti, Gaetano$d1797-1848$1http://www.wikidata.org/entity/Q101698$4cmp$96715
=700  \\$aRicci, Luigi$d1805-1859$1http://www.wikidata.org/entity/Q570279$4cmp$927658
=700  \\$aBellini, Vincenzo$d1801-1835$1http://www.wikidata.org/entity/Q170209$4cmp$96318
=700  \\$aMarliani, Marco Aurelio $d1805-1849$1http://www.wikidata.org/entity/Q26234964$4cmp$927659
=700  \\$aMercadante, Saverio$d1795-1870$1http://www.wikidata.org/entity/Q313980$4cmp$96377
=700  \\$aMorlacchi, Francesco$d1784-1841$1http://www.wikidata.org/entity/Q571408$4cmp$927660
=700  \\$aRossini, Gioacchino$d1792-1868$1http://www.wikidata.org/entity/Q9726$4cmp$96192
=700  \\$aPacini, Antonio$d (1778-1866)  $1http://www.wikidata.org/entity/Q11906046$4cmp$927661
=700  \\$aSapienza, Antonio$d1794-1855$1http://www.wikidata.org/entity/Q16066271$4cmp$927662
=700  \\$aCarafa, Michele$d1787-1872$1http://www.wikidata.org/entity/Q497494$4cmp$94758
=700  \\$aNicolini, Giuseppe$d1762-1842$1http://www.wikidata.org/entity/Q1089213$4cmp$927663
=700  \\$aVaccai, Nicola $d1790-1848$1http://www.wikidata.org/entity/Q1353016$4cmp$927664
=700  \\$aTadolini, Giovanni$d1789-1872$1http://www.wikidata.org/entity/Q5563995$4cmp$927665
=942  \\$cSCO
=952  \\$00$10$2ddc$40$6KTS_1_000000000000000_H_07_034$70$8RAR$923610$aORPH$bORPH$cKTS1_H$d2024-09-27$l0$oKTS1 H.07.034$p20143820$r2024-09-27 00:00:00$w2024-09-27$ySCO
=999  \\$d22251

