=LDR  01187ndm a22002057a 4500
=001  22252
=008  240930n\\\\\\\\|||||ld|\||||\00|\0\mul\d
=041  \\$aita$dlat
=059  \\$a2hrn 2vn vla org bc SATB
=100  \\$aDe Lange, Ant.$4cmp$927666
=245  \\$aMissa Brevis in C$b4 vocibus , 2 violinis & organo del Signor Ant.i De Lange
=300  \\$a[8-7-7-4-4-7-6-5-6-6 pages]$ball parts in pamphlet stitch binding and loose in paper wrap
=500  \\$acomplete manuscript parts: violino primo - violino 2° - Basso viola - Cornu primo - Cornu 2do - Organo - Canto - Alto - Tenore - Basso
=500  \\$ainstrumentation on frontpage does not mention the 2 horns
=520  \\$aLargo: Kyrie - Allegro: Kyrie, Christe - Allegro: GLoria - Allegretto : Miserere -  Alla Breve: Cum Sancto spirito - Allegro: Credo - Largo: Et Incarnatus - Allegro: Et resurrexit
=650  \0$aMass$1http://www.wikidata.org/entity/Q217295$92735
=650  \0$aVocal music$1http://www.wikidata.org/entity/Q685884$93319
=942  \\$cSCO
=952  \\$00$10$2ddc$40$6KTS_1_000000000000000_H_11_MAP_007A$70$8RAR$923611$aORPH$bORPH$d2024-09-30$l0$oKTS1 H.11.map.007a$p20143822a$r2024-09-30 00:00:00$w2024-09-30$ySCO
=999  \\$d22252

