=LDR  02090ndd a22002897a 4500
=001  22253
=008  240930s1828\\\\|||||le|\||||\00|\0\fre\d
=041  \\$afre
=059  \\$avn
=100  \\$aHérold, Ferdinand$d1791-1833$4cmp$921075
=245  \\$aOuverture de Missolonghi
=300  \\$a[8-8 pages]$bpamphlet stitch binding
=500  \\$aRefering to the siege of Missolonghi by the Turks during the Greek War of Independence (1821-1829).
=500  \\$aIncidental Music
=500  \\$aFerdinand Hérold wrote the overture, chorus and other pieces for the heroic drama “The Last Day of Messolonghi” (Le Dernier Jour de Missolonghi, drame héroïque en trois actes, en vers, avec des chants - edited by Barba Paris, 1828) also called "le Siège de Missolonghi" or  the mélodrame « Le dernier jour de Missolonghi » . This drame héroïque en vers, Le Dernier Jour de Missolonghi  written by Jean Georges Ozaneaux (1795-1852) was created april10th 1828 at the Odéon in Paris. Its ouverture has remained thanks to a delicious motif that has become popular. 
=500  \\$a"Hérold avait écrit une très-belle ouverture, qui a figuré longtemps au programme des concerts, des airs de chant et de danse délicieux, et une prière d'un beau caractère." (B. Jouvin, Hérold. Sa Vie, ses Oeuvres, Paris, 1868, p.151)
=500  \\$a2 copies of 1st violin part
=563  \\$aparts loosely held in severely damaged blue paper cover
=648  \0$a19th Century (1801-1900)$1http://www.wikidata.org/entity/Q6955$920935
=650  \0$aOverture$1http://www.wikidata.org/entity/Q202287$921591
=650  \0$aPlay (theater)$1http://www.wikidata.org/entity/Q25379$921414
=650  \0$aMelodrama$1http://www.wikidata.org/entity/Q191489$927668
=650  \0$aIncidental music$1http://www.wikidata.org/entity/Q1147752$92558
=651  \0$aParis (France)$1http://www.wikidata.org/entity/Q90$9160
=942  \\$cSCO
=952  \\$00$10$2ddc$40$6KTS_1_000000000000000_H_11_MAP_007B$70$8RAR$923612$aORPH$bORPH$cKTS1_H$d2024-09-30$l0$oKTS1 H.11.map.007b$p20143822b$r2024-09-30 00:00:00$w2024-09-30$ySCO
=999  \\$d22253

