=LDR  00887ndm a22001937a 4500
=001  22254
=008  240930n\\\\\\\\|||||a||\||||\00|\0\lat\d
=059  \\$aorch v
=245  \\$a[fragment work for voice and orchestra]
=300  \\$a[16 pages]
=500  \\$aincomplete fragment "Ecce panis angelorum, factus cibus viatorum" (Hymn, Motet) for voice and orchestra
=563  \\$apamphlet stitch binding, no cover
=650  \0$aHymn$1http://www.wikidata.org/entity/Q484692$921333
=650  \0$aVocal music$1http://www.wikidata.org/entity/Q685884$93319
=650  \0$aReligion$1http://www.wikidata.org/entity/Q9174$93062
=650  \0$aChurch music$1http://www.wikidata.org/entity/Q8812109$92283
=942  \\$cSCO
=952  \\$00$10$2ddc$40$6KTS_1_000000000000000_H_11_MAP_007C$70$8RAR$923613$aORPH$bORPH$cKTS1_H$d2024-09-30$l0$oKTS1 H.11.map.007c$p20143822c$r2024-09-30 15:43:05$w2024-09-30$ySCO
=999  \\$d22254

