=LDR  00694ndm a22001577a 4500
=001  22256
=008  240930n\\\\\\\\|||||a||\||||\00|\0\lat\d
=059  \\$aorch vv
=100  \\$aKrafft, François$d1729-1795$1http://www.wikidata.org/entity/Q1450821$926250
=245  \\$aRegina Celi a gran coro de Fr. Krafft Bruxelles 1796
=300  \\$a[2] pages
=500  \\$amanuscript note at bottom first page: "nemo me habet 1796 " (no one has me)
=500  \\$aShort incomplete manuscript fragment (autograph?)
=942  \\$cSCO
=952  \\$00$10$2ddc$40$6KTS_1_000000000000000_H_11_MAP_007E$70$8RAR$923616$aORPH$bORPH$cKTS1_H$d2024-09-30$l0$oKTS1 H.11.map.007e$p20143822e$r2024-09-30 16:07:24$w2024-09-30$ySCO
=999  \\$d22256

