=LDR  01022ndm a22001937a 4500
=001  22257
=008  240930n\\\\\\\\|||||le|\||||\00|\0\\\\\d
=059  \\$a2vn vla cb
=245  \\$aElevatio$b[for 2violins, alto & basso)
=300  \\$a[14] pages$bloose pages
=500  \\$aElevatio could refer to instrumental music that was played during the elevation of the Host or the elevation of the Chalice in the miturgic rituals of a Roman Catholic mass
=500  \\$amanuscript parts for 3 first and 3 second violins, 1 viola alto and 1 basso
=650  \0$aString orchestra$1http://www.wikidata.org/entity/Q1090674$92946
=650  \0$aLiturgy$1http://www.wikidata.org/entity/Q172331$92284
=650  \0$aChurch music$1http://www.wikidata.org/entity/Q8812109$92283
=650  \0$aReligion$1http://www.wikidata.org/entity/Q9174$93062
=942  \\$cSCO
=952  \\$00$10$2ddc$40$6KTS_1_000000000000000_H_11_MAP_007F$70$8RAR$923617$aORPH$bORPH$cKTS1_H$d2024-09-30$l0$oKTS1 H.11.map.007f$p20143822f$r2024-09-30 16:26:29$w2024-09-30$ySCO
=999  \\$d22257

