=LDR  04981ncm a22004817a 4500
=001  22258
=008  241001n\\\\\\\\|||||ae|\||||\00|\b\ger\d
=041  \\$ager
=059  \\$aharm vc/vn pf
=100  \\$aReinhard, August$d1831-1912$4arr$4cmp$927670
=245  \\$aTrios für Violoncell (oder Violine), Harmonium und Klavier
=246  \1$aTrios pour Harmonium etc.I  Piano
=260  \\$aBerlin$aLeipzig$aParis$bSimon$bBreitkopf & Härtel$bDurand, Schoenewerk &Co$c[1892]
=300  \\$a[459] pages$bmarbled endpapers, leather binding, gilded spine
=490  \\$aAugust Reinhard's Kompositionen und Übertragungen$vA/Trios
=500  \\$aAugust Reinhard was a German composer and author of a harmonium method "Harmonium-Schule op. 16. Berlin: Carl Simon Musikverlag 1877".
=500  \\$aBinding of separately published & sold pieces for harmonium, piano and cello. Piano part, but harmonium- and celloparts also printed
=500  \\$aWhile travelling with the Prince of Wittgenstein, Reinhard visited the Acoustic Cabinet of F. Kaufmann & Sohn in Dresden. It was there that he first played a Druckwind harmonium, which became a key experience for him.
Reinhard did not see the Druckwindharmonium as a cheap organ surrogate, but as a keyboard instrument capable of performing expressive orchestral music. He paid particular attention to the technical training required to play the harmonium, which he regarded as essentially different from playing the piano or organ. ‘Harmonium Pope’ Reinhard distanced himself from the later widespread suction wind harmonium.

In 1877, Berlin publisher Carl Simon published his Harmonium School op. 16, of which more than 40,000 copies had been printed by the time of Reinhard's death. This school was still available from the Leipzig publisher Edition Peters at least until 1989. Reinhard performed publicly in harmonium concerts and also taught harmonium playing. One of his pupils was Paula Simon-Herlitz, who later became the daughter-in-law of his publisher. Due to the decline of the harmonium during the 20th century, Reinhard was almost completely forgotten. More recently, there have been signs of renewed interest in Reinhard's work. 
=500  \\$ams list of content on frontpaper
=500  \\$aevery piece is numbered in ms blue pencil and separately paginated. Order of the orginal edition is not maintained in this collection; several title pages of the separate pieces are missing
=500  \\$aMost of the pieces of the "Konzertierende Trios" are dedicated (to pupils?) : to Mrs. Nelly Jaeger in Glasgow, Mrs Helen Feldtmann geb. Sands in Glasgow, Samuel Rousseau, Fräulein Marie Brinckmeier, Herr Professor Dr. C Brinckmeier, Fräulein Marie von Langenschwarz
=505  \\$gOp.14: Konzertierende Trios nrs. 1,2, 3, 4,5, 6, 9,10, 11, 12
Op.19: Der Hausfreund nrs 1, 2, 3, 4, 5, 7, 8, 9, 11, 12, 13, 14

=505  \\$gGabriel Pierné, Offertoire --
Richard Wagner, Albumblatt --
Richard Wagner/Saint Saens, Lohengrin, Marche religieuse -- 
Richard Wagner, Lohengrin, Scenen heft 1 & 2


=505  \\$gReinhard: Erstes Trio für Violoncell (Violine), Harmonium und Klavier. op.28 -- Zweites Trio für Violoncell (Violine), Harmonium und Klavier op.30 -- Drittes Trio G dur für Violoncell (Violine), Harmonium und Klavier. Op.46 


=648  \0$a19th Century (1801-1900)$1http://www.wikidata.org/entity/Q6955$920935
=650  \0$aArrangement$1http://www.wikidata.org/entity/Q379755$94282
=650  \0$aReed organ$1http://www.wikidata.org/entity/Q12460259$93502
=650  \0$aTrio$1http://www.wikidata.org/entity/Q281643$921327
=700  \\$aBeethoven, Ludwig van$d1770-1827$1http://www.wikidata.org/entity/Q255$4cmp$95335
=700  \\$aMozart, Wolfgang Amadeus$d1756-1791$1http://www.wikidata.org/entity/Q254$95341
=700  \\$aHandel, George Frideric$d1685-1759$1http://www.wikidata.org/entity/Q7302$4cmp$94765
=700  \\$aSchubert, Franz$d1797-1828$1http://www.wikidata.org/entity/Q7312$4cmp$96183
=700  \\$aMendelssohn-Bartholdy, Felix$d1809-1847$1http://www.wikidata.org/entity/Q46096$4cmp$94998
=700  \\$aChopin, Frédéric$d1810-1849$1http://www.wikidata.org/entity/Q1268$4cmp$916495
=700  \\$aWeber, Carl Maria von$d1786-1826$1http://www.wikidata.org/entity/Q154812$4cmp$915418
=700  \\$aSchumann, Robert$d1810-1856$1http://www.wikidata.org/entity/Q7351$913977
=700  \\$aSaint-Saëns, Camille$d1835-1921$1http://www.wikidata.org/entity/Q150445$4cmp$97644
=700  \\$aWagner, Richard$d1813-1883$1http://www.wikidata.org/entity/Q1511$4cmp$97120
=700  \\$aPierné, Gabriel$d1863-1937$1http://www.wikidata.org/entity/Q433749$97100
=856  \\$uhttps://imslp.org/wiki/Trio_No.3_for_Cello%2C_Harmonium_and_Piano%2C_Op.46_(Reinhard%2C_August)$3Drittes Trio G Dur 
=942  \\$cSCO
=952  \\$00$10$2ddc$40$6KTS_1_000000000000000_C1_42_001$70$8RAR$923618$aORPH$bORPH$cKTS1_C1$d2024-10-01$l0$oKTS1 C1.42.001$p20143821$r2024-10-01 11:21:30$w2024-10-01$ySCO
=999  \\$d22258

