=LDR  01304ncm a22002297a 4500
=001  22260
=005  20250925143311.0
=008  240930s2013\\\\|||||ae|\||||\00|\0\eng\d
=024  \\$2ISMN$a9790220133183
=024  \\$aED13473
=041  \\$aeng
=100  1\$aBryars, Gavin$1http://viaf.org/viaf/56800924$4cmp$927671
=245  \\$aThe Sinking of the Titanic (1969-):$bVersion for String Quartet and Pre-Recorded Material
=260  \\$aMainz$aLondon$bSchott$c2013
=300  \\$a[76] pages$eCD, 0:15:04
=500  \\$aThe Sinking of the Titanic is a work by British minimalist composer Gavin Bryars. Inspired by the story that the band on the RMS Titanic continued to perform as the ship sank in 1912, it imagines how the music performed by the band would reverberate through the water some time after they ceased performing.
=500  \\$aBryars "research notes" (reproduced in this publication) were first published in Sounding 9 (USA) in June 1975.
=648  \0$a20th Century (1901-2000)$1http://www.wikidata.org/entity/Q6927$920936
=650  \0$aString quartet$1http://www.wikidata.org/entity/Q207338$94110
=942  \\$cSCO
=952  \\$00$10$2ddc$40$6SCO_BRYA$70$8SCO$923621$aORPH$bORPH$cKTS1_P$d2024-09-20$g69.00$l1$oSCO BRYA$p20143825$q2025-03-29$r2024-10-01 16:44:53$s2024-10-01$w2024-10-01$ySCO
=999  \\$d22260

