=LDR  02679cam a2200277 i 4500
=001  22261
=005  20251010154525.0
=008  240628s2024\\\\enk\\\\\ob\\\\001\0\eng\\
=020  \\$z9781805112730
=041  \\$aeng
=245  00$aTeaching Music Performance in Higher Education:$bExploring the Potential of Artistic Research
=260  \\$aCambridge$bOpen Book Publishers$c2024
=300  \\$avii-328 pages
=504  \\$aIncludes bibliographical references and index.
=520  \\$aHigher Music Performance Education, as taught and learned in universities and conservatoires in Europe, is undergoing transformation. Since the nineteenth century, the master-apprentice pedagogical model has dominated, creating a learning environment that emphasises the development of technical skills rather than critical and creative faculties. This book contributes to the renewal of this field by being the first to address the potential of artistic research in developing student-centred approaches and greater student autonomy. This potential is demonstrated in chapters illustrating artistic research projects that are embedded within higher music education courses across Europe, with examples ranging from instrumental tuition and ensemble work to the development of professional employability skills and inclusive practices.

Bringing together diverse and experienced voices working within Higher Music Education but often also as professional performers, this edited collection pairs critical reflection with artistic insight to present new approaches to curricula for teaching interpretation and performance. It calls for greater collaboration between Higher Education and professional music institutions to create closer bonds with music industries and, thereby, improve students’ career opportunities. Teaching Music Performance in Higher Education will appeal to scholars, performers, teachers, but also students whose interests centre on innovative practices in conservatoires and music departments.
=650  \0$aPerformance$1http://www.wikidata.org/entity/Q6942562$926223
=650  \0$aArtistic research$1http://www.wikidata.org/entity/Q20827087$921804
=650  \0$aMusic education$1http://www.wikidata.org/entity/Q27908$921766
=700  \\$aMinors, Helen Julia$4edt$941557
=700  \\$aÖstersjö, Stefan$4edt$916302
=700  \\$aDalagna, Gilvano$4edt$941558
=700  \\$aCorreia, Jorge Salgado$4edt$941559
=856  40$uhttps://books.openbookpublishers.com/10.11647/obp.0398.pdf
=942  \\$cBOO
=952  \\$00$10$2ddc$40$6MTP_4_000000000000000_MINO$70$8MTP$923622$aORPH$bORPH$cKM12_1$d2024-09-01$l0$oMTP4 MINO$p20143826$r2024-10-01 17:27:54$w2024-10-01$yBOO
=999  \\$d22261

