=LDR  01115nam a22002417a 4500
=001  22285
=005  20250925143311.0
=008  241009s1950\\\\||||||||\||||\00|\0bfre\d
=041  \\$afre
=100  \\$aBaudry, Léon$4aut$927741
=245  \\$aGuillaume D'Occam. Sa vie, ses oeuvres, ses idées sociales et politiques$bTome I: L'Homme et les Oeuvres
=260  \\$aParis$bVrin$c1950
=300  \\$a316 pages
=490  \\$aEtudes de philosophie médiévale $vXXXIX
=600  \0$aOckham, William of $dc.1287-1347$1http://www.wikidata.org/entity/Q43936$927742
=648  \0$a20th Century (1901-2000)$1http://www.wikidata.org/entity/Q6927$920936
=648  \0$aMiddle Ages (500-1400)$1http://www.wikidata.org/entity/Q12554$920964
=650  \0$aBiography$1http://www.wikidata.org/entity/Q36279$91927
=650  \0$aPhilosopher$1http://www.wikidata.org/entity/Q4964182$926399
=650  \0$aTheology$1http://www.wikidata.org/entity/Q34178$93009
=942  \\$cBOO
=952  \\$00$10$2ddc$40$6PHI_OCKH_B_BAUD$70$8PHI$923659$aORPH$bORPH$cLOC_UNK$d2024-10-09$l0$oPHI OCKH b BAUD$p20143863$r2024-10-09 16:19:27$w2024-10-09$yBOO
=999  \\$d22285

