=LDR  00992nam a22002177a 4500
=001  22286
=008  241009s1947\\\\||||||||\||||\00|\0\fre\d
=041  \\$afre
=100  \\$aDescartes, René$d1596-1650$1http://www.wikidata.org/entity/Q9191$4aut$95525
=245  \\$aDiscours de la méthode :$btexte et commentaire
=260  \\$aParis$bVrin$c1947
=300  \\$axvi-499 pages
=534  \\$aThis edition first published in 1925
=600  \0$aDescartes, René$d1596-1650$1http://www.wikidata.org/entity/Q9191$95525
=648  \0$a17th Century (1601-1700)$1http://www.wikidata.org/entity/Q7016$920923
=650  \0$aPhilosophy$1http://www.wikidata.org/entity/Q5891$92357
=651  \0$aFrance$1http://www.wikidata.org/entity/Q142$9131
=700  \\$aGilson, Étienne$d1884-1978$1http://www.wikidata.org/entity/Q289739$4edt$927743
=942  \\$cBOO
=952  \\$00$10$2ddc$40$6PHI_DESC_A$70$8PHI$923674$aORPH$bORPH$cKM12_3_2$d2024-10-16$l0$oPHI DESC a$p20143864$r2024-10-16 14:34:49$w2024-10-16$yBOO
=999  \\$d22286

