=LDR  01258nam a22002417a 4500
=001  22287
=005  20250925143311.0
=008  241009s1951\\\\|||oahf|\||||\00|\0\fre\d
=041  \\$afre$hger
=100  \\$aLeisegang, Hans$d1890-1951$1http://www.wikidata.org/entity/Q105840$4aut$927744
=245  \\$aLa Gnose
=260  \\$aParis$bPayot$c1951
=300  \\$a264 pages
=500  \\$aHans Leisegang was a German philologist, philosopher and physicist 
=534  \\$aDie Gnosis$cLeipzig, A. Kröner, 1924
=590  \\$aNotion et origines de la Gnose - La pensée gnostique - Simon le magicien - Les Ophites - Les Barbelognostiques - Basilide et les sectes se rattachant a lui - Les Carpocratiens - Marcion - Valentin - Ptolémée - Marcos - La Pistis Sophia. Avec onze gravures hors texte. Traduction de Jean Gouillard, Docteur en Théologie
=648  \0$a20th Century (1901-2000)$1http://www.wikidata.org/entity/Q6927$920936
=650  \0$aPhilosophy$1http://www.wikidata.org/entity/Q5891$92357
=650  \0$aTheology$1http://www.wikidata.org/entity/Q34178$93009
=765  \\$aDie Gnosis
=942  \\$cBOO
=952  \\$00$10$2ddc$40$6PHI_LEIS_A$70$8PHI$923660$aORPH$bORPH$cKM12_3_2$d2024-10-09$l0$oPHI LEIS a$p20143865$r2024-10-09 16:34:45$w2024-10-09$yBOO
=999  \\$d22287

