=LDR  01538nam a22002657a 4500
=001  22288
=005  20250925143311.0
=008  241009s1921\\\\|||a||||\||||\00|\0\eng\d
=041  \\$aeng
=100  \\$aHeath, Thomas$d1861-1940$1http://www.wikidata.org/entity/Q925037$4aut$927745
=245  \\$aA history of Greek mathematics$bFrom Thales to Euclid - From Arichstarchus to Diophantus$n2/2
=260  \\$aOxford$bClarendon$c1921
=300  \\$a2 vols. (ix-446+xi-586 pages)
=500  \\$aSir T.L. Heath was a British civil servant, mathematician and classicist
=504  \\$ahttps://en.wikipedia.org/wiki/A_History_of_Greek_Mathematics
=648  \0$a20th Century (1901-2000)$1http://www.wikidata.org/entity/Q6927$920936
=648  \0$aClassical Antiquity (8th Century BC-6th Century AD)$1http://www.wikidata.org/entity/Q486761$921435
=650  \0$aPhilosophy$1http://www.wikidata.org/entity/Q5891$92357
=650  \0$aMathematics$1http://www.wikidata.org/entity/Q395$922612
=856  \\$uhttps://books.google.be/books?id=drnY3Vjix3kC&printsec=frontcover&hl=nl&source=gbs_ge_summary_r&cad=0#v=onepage&q&f=false$3Google Books
=856  \\$uhttps://archive.org/details/cu31924008704219$3Internet Archive
=942  \\$cBOO
=952  \\$00$10$2ddc$3Vol.1$40$6PHI_HEAT_A$70$8PHI$923661$aORPH$bORPH$cKM12_3_2$d2024-10-09$l0$oPHI HEAT a$p20143866$r2024-10-09 16:38:13$w2024-10-09$yBOO
=952  \\$00$10$2ddc$3Vol.2$40$6PHI_HEAT_A$70$8PHI$923662$aORPH$bORPH$cKM12_3_2$d2024-10-09$l0$oPHI HEAT a$p20143867$r2024-10-09 16:38:34$w2024-10-09$yBOO
=999  \\$d22288

