=LDR  02076nab a22003497a 4500
=001  22289
=005  20250925143311.0
=008  241009s1937\\\\||||||||\||||\00|\0\dut\d
=041  \\$adut
=100  \\$aErasmus, Desiderius$d1466-1536$1http://www.wikidata.org/entity/Q43499$4aut$95446
=245  \\$aDe Twee en twintig brieven van Erasmus geschreven in 1521 uit Anderlecht.$bVertaald uit het Latijn
=246  \1$aErasmus te Anderlecht
=260  \\$aBrussel$c1937
=300  \\$a[147] pages$bcontains photos, portraits, illustrations, facsimiles, folded pages, inserted pages
=490  \\$aDe Brabantse Folklore$vnrs 93-94
=500  \\$aAlbert Marinus was a Belgian humanist, sociologist, historian, writer and researcher with an international reputation as a specialist in folklore and popular traditions.
=500  \\$aPagination from 193 to 340
=500  \\$aTwo inserted folded pages with poems on Erasmus' house in Anderlecht by Peeter J. Lefever (1879-?) and on a metal portrait of Erasmus  by Joost van den Vondel (1587-1679). Accompanied by engravings.

=600  \0$aErasmus, Desiderius$d1466-1536$1http://www.wikidata.org/entity/Q43499$95446
=648  \0$a16th Century (1501-1600)$1http://www.wikidata.org/entity/Q7017$920944
=648  \0$a20th Century (1901-2000)$1http://www.wikidata.org/entity/Q6927$920936
=650  \0$aCorrespondence$1http://www.wikidata.org/entity/Q1784733$921392
=650  \0$aPhilosopher$1http://www.wikidata.org/entity/Q4964182$926399
=650  \0$aPhilosophy$1http://www.wikidata.org/entity/Q5891$92357
=650  \0$aTheology$1http://www.wikidata.org/entity/Q34178$93009
=650  \0$aHumanism$1http://www.wikidata.org/entity/Q46158$92157
=651  \0$aAnderlecht (Belgium)$1http://www.wikidata.org/entity/Q12886$927749
=700  \\$aSobry, Ch.$4trl$927746
=700  1\$aMarinus, Albert$d1886-1979$1http://www.wikidata.org/entity/Q2831381$4win$927748
=942  \\$cBOO
=952  \\$00$10$2ddc$40$6PHI_ERAS_A$70$8PHI$923663$aORPH$bORPH$cKM12_3_2$d2024-10-09$l0$oPHI ERAS a$p20143868$r2024-10-09 16:47:50$w2024-10-09$yBOO
=999  \\$d22289

