=LDR  01105nam a22002537i 4500
=001  22290
=003  ItRI
=005  20250120120946.0
=008  000221s1937\\\\xxk||||||\\\\|||||\|eng|c
=040  \\$bOI
=041  \7$aeng
=100  \\$aDudley, Donald R.$d1910-1972$4aut$927747
=245  12$aA History of Cynicism:$bfrom Diogenes to the 6. century A. D.
=260  \\$aLondon$bMethuen$c1937
=300  \\$axii-224 pages$c23 cm
=500  \\$aDudley was a classical scholar and historian. Professor of Latin, University of Birmingham, England, 1955-72.
=648  \0$aClassical Antiquity (8th Century BC-6th Century AD)$1http://www.wikidata.org/entity/Q486761$921435
=650  \0$aPhilosophy$1http://www.wikidata.org/entity/Q5891$92357
=650  \0$aSatire$1http://www.wikidata.org/entity/Q128758$921636
=651  \0$aGreece$1http://www.wikidata.org/entity/Q41$921778
=651  \0$aRome (Italy)$1http://www.wikidata.org/entity/Q220$949
=942  \\$cBOO
=952  \\$00$10$2ddc$40$6PHI_DUDL_A$70$8PHI$923664$aORPH$bORPH$cKM12_3_2$d2024-10-09$l0$oPHI DUDL a$p20143869$r2024-10-09 16:49:53$w2024-10-09$yBOO
=999  \\$d22290

