=LDR  02598cam a2200289 i 4500
=001  22297
=005  20250207092207.0
=008  231202s2023\\\\au\ac\\\\\\\\\000\0\ger\\
=020  \\$a9783990940297
=041  \\$ager
=245  00$a"Mater celeberr. Mozart":$cAnna Maria Mozart zum 300. Geburtstag
=246  30$aAnna Maria Mozart zum 300. Geburtstag
=260  \\$aVienna$bHollitzer$c2023
=300  \\$a233 pages$b23 illustrations
=490  0\$aSchriftenreihe des Archivs der Erzdiözese Salzburg$v27
=504  \\$aIncludes bibliographical references (pages 200--225) and index.
=520  \\$aMaria Anna Mozart, the mother of the Mozart siblings and wife of Leopold Mozart, is often described as uneducated, unsociable and not even musical. Many biographers of Wolfgang Amadé Mozart agree that he inherited his talent from his father and his tendency to use faecal language from his mother.

To mark the 300th anniversary of her birth, Anna Maria Mozart, née Pertl (1720-1778) is at the centre of a new book for the first time. Published by Hollitzer-Verlag in Vienna, the symposium volume mater celeberr. Mozart. Anna Maria Mozart on her 300th birthday, edited by Anja Morgenstern and Eva Neumayr, contributions by Mirijam Beier, Christoph Großpietsch, Monika Kammerlander, Anja Morgenstern, Eva Neumayr, Wolfgang Neuper and Käthe Springer-Dissman deal with her biography, her education, her depiction in pictures and her reception in the Mozart biography of the mother of the Mozart siblings.
In addition, the important social role of musicians‘ mothers in the 18th century will be discussed on the basis of selected biographies that shed light on the cultural activities of women in musicians’ families, thereby also revealing new aspects of Anna Maria Mozart's life and work. The results presented here suggest that Anna Maria Mozart had a stronger influence on the development of her famous son Wolfgang Amadé than previously assumed.
=600  10$aMozart, Anna Maria$d1720-1778$927754
=600  \0$aMozart, Wolfgang Amadeus$d1756-1791$1http://www.wikidata.org/entity/Q254$95341
=610  \0$aMozart family$1http://www.wikidata.org/entity/Q18574758$922340
=650  \0$aBiography$1http://www.wikidata.org/entity/Q36279$91927
=650  \0$aHistory$1http://www.wikidata.org/entity/Q309$921403
=700  1\$aMorgenstern, Anja$4edt$927752
=700  1\$aNeumayr, Eva$4edt$927753
=942  \\$cBOO
=952  \\$00$10$2ddc$40$6BIO_MOZA4_D$70$8BIO$923673$aORPH$bORPH$cKTS1_P$d2024-10-11$g43.00$l1$oBIO MOZA4 d$p20143874$q2025-04-13$r2024-10-16 16:30:49$s2024-10-16$w2024-10-16$yBOO
=999  \\$d22297

