=LDR  02861cam a2200277 i 4500
=001  22299
=008  190813s2018\\\\gw\\\\\\\b\\\\000\0cger\d
=020  \\$a9783863060022
=041  \\$ager
=100  1\$aKorntner, Beate$4aut$927755
=245  10$aFrauen als Komponistinnen im Umfeld Mozarts:$bmit einem besonderen Augenmerk auf Maria Theresia Paradis
=260  \\$aMunich$bAVM Press$c2018
=300  \\$a86 pages
=504  \\$aIncludes bibliographical references (pages 71-75).
=505  0\$aDie Frau in 18. Jahrhundert -- Frauen als Komponistinnen im Unfeld W.A. Mozarts. Nannerl, als Schwester im Schatten des grossen Komponisten (1751-1829) ; Komponistionsschülerinnen von Mozart : die Tochter des Comte de Guines, Josepha Auernhammer und Babette Ployer (?) ; Komponieren als Zeitvertreb für Frauen in besonderen Berufe ; Nannette Streicher, née Stein, die Klavierbauerin (1769-1833) ; Franziska Danzi-Lebrun, die Sängerin (1756-1791) ; Komponieren als Beruf(ung) ; Josepha Auernhammer, Mozarts Schülerin (1758-1820) ; Marianna Martines (1744-1812) ; Maria Theresia Paradis (1759-1824), blinde Pianistin, Komponistin und Lehrerin -- Conclusio.
=520  8\$aEven if their names are almost forgotten, female composers made a significant contribution to cultural and musical life in Mozart's time. Maria Theresia Paradis, Marianne Martines, Josepha Auernhammer, Nanette Streicher, Franziska Lebrun-Danzi, Babette Ployer and Mozart's sister Nannerl are considered to be the most important representatives. Many of their works have not survived and the few that are known have been attributed to male composers for many years. Being a female musician and especially a female composer was difficult. It is no coincidence that Maria Theresia Paradis said: ‘Would my male colleagues in the arts forgive me if I dared to compete with them as a woman - even as a faceless woman?’ It was not easy to assert themselves and yet female composers were recognised by the public and could point to many successes. This book explores the question of the extent to which it was possible for a woman to hold her own alongside her male colleagues in Mozart's time. (Translated with Deepl.com)
=600  10$aParadis, Maria Theresia von$d1759-1824$927756
=650  \0$aMusic history$1http://www.wikidata.org/entity/Q846047$921373
=650  \0$aBiography$1http://www.wikidata.org/entity/Q36279$91927
=650  \0$aComposer$1http://www.wikidata.org/entity/Q36834$93625
=650  \0$aGender$1http://www.wikidata.org/entity/Q48277$921254
=650  \0$aFemale$1http://www.wikidata.org/entity/Q6581072$921764
=651  \0$aAustria$1http://www.wikidata.org/entity/Q40$9202
=942  \\$cBOO
=952  \\$00$10$2ddc$40$6GHM_5_000000000000000$70$8BIO$923676$aORPH$bORPH$cKTS1_P$d2024-10-01$l1$oGHM5$p20143875$q2025-04-13$r2024-10-16 16:30:34$s2024-10-16$w2024-10-16$yBOO
=999  \\$d22299

