=LDR  01510nam a22002417a 4500
=001  22300
=005  20251003085500.0
=008  241016s2024\\\\|||ao|||\||||\00|\0\eng\d
=041  \\$aeng
=245  \\$aAt Korg Berlin:$bOffice Objects
=260  \\$aBerlin$bKorg$c2024
=300  \\$a70 pages$boblong
=520  \\$a"Curious about what we get up to when we aren’t making instruments? This book is all about celebrating the joy of making things. Inside its contents are 21 office objects found in the KORG Berlin space, ranging in scale from coat hooks to speakers to storage units. These designs are made open-source with dimensioned drawings and a list of materials with their associated cost. Our book is meant to inspire those who wish to build, instead of buy, the objects you surround yourself with." -https://korg.berlin/products/bookofdesigns
=650  \0$aTechnology$1http://www.wikidata.org/entity/Q11016$921633
=650  \0$aAcoustics$1http://www.wikidata.org/entity/Q82811$921365
=650  \0$aInterior design$1http://www.wikidata.org/entity/Q179232$921367
=650  \0$aCatalogue$1http://www.wikidata.org/entity/Q2352616$1https://www.wikidata.org/wiki/Q6941730$921484
=700  1\$aTakahashi, Tatsuya$4edt$4win$927761
=700  \\$aGlup, Verena$4edt$927759
=700  \\$aMelnyk, Samantha$4edt$927760
=942  \\$cBOO
=952  \\$00$10$2ddc$40$6SCI_TAKA$70$8HUM$923677$aORPH$bORPH$cKM12_1$d2024-10-01$g36.00$l1$oSCI TAKA$p20143879$q2024-10-18$r2024-10-16 16:30:15$s2024-10-16$w2024-10-16$yBOO
=999  \\$d22300

