=LDR  00868nam a22002057a 4500
=001  22301
=005  20250925143311.0
=008  241016s1958\\\\||||||||\||||\00|\0\fre\d
=041  \\$afre
=100  \\$aPire, G.$4aut$927762
=245  \\$aStoïcisme et Pédagogie.$bDe Zénon à Marc-Aurèle. De Sénèque à Montaigne et à J.-J. Rousseau.
=260  \\$aParis$aLiege$bVrin$bDessain$c1958
=300  \\$a219 pages
=590  \\$aPréface de H.-I. Marrou, Professeur à la Sorbonne
=648  \0$a20th Century (1901-2000)$1http://www.wikidata.org/entity/Q6927$920936
=650  \0$aPhilosophy$1http://www.wikidata.org/entity/Q5891$92357
=650  \0$aEducation$1http://www.wikidata.org/entity/Q8434$926206
=942  \\$cBOO
=952  \\$00$10$2ddc$40$6PHI_PIRE_A$70$8PHI$923678$aORPH$bORPH$cKM12_3_2$d2024-10-16$l0$oPHI PIRE a$p20143878$r2024-10-16 16:42:50$w2024-10-16$yBOO
=999  \\$d22301

