=LDR  01341nam a2200313 cb4500
=001  22302
=008  900725s1973\\\\\\\\\\\\\m|||\00|||deng\d
=020  \\$a9024715407
=041  0\$aeng
=050  \0$aB20.6
=050  \0$aJC179.D5
=082  0\$a320.5/092/4
=084  \\$aIG 2255$0(DE-625)55879:11856$2rvk
=084  \\$aMC 5170$0(DE-625)122376:$2rvk
=100  1\$aStrugnell, Anthony$4aut
=245  10$aDiderot's Politics:$bA Study of the Evolution of Diderot's Political Thought after the Encyclopédie
=260  \\$aThe Hague$bNijhoff$c1973
=300  \\$aix-251 pages
=490  1\$aArchives internationales d'histoire des idées$v62
=600  \0$aDiderot, Denis$d1713-1784$1http://www.wikidata.org/entity/Q448$914909
=648  \0$a18th Century (1701-1800)$1http://www.wikidata.org/entity/Q7015$920899
=650  \0$aPhilosophy$1http://www.wikidata.org/entity/Q5891$92357
=650  \0$aPolitics$1http://www.wikidata.org/entity/Q7163$921826
=650  \0$aEncyclopédie$1http://www.wikidata.org/entity/Q447$929338
=650  \0$aEnlightenment$1http://www.wikidata.org/entity/Q12539$94532
=651  \0$aFrance$1http://www.wikidata.org/entity/Q142$9131
=942  \\$cBOO
=952  \\$00$10$2ddc$40$6PHI_DIDE_B_STRU$70$8PHI$923679$aORPH$bORPH$cKM12_3_2$d2024-10-21$l0$oPHI DIDE b STRU$p20143877$r2024-10-21 10:21:53$w2024-10-21$yBOO
=999  \\$d22302

