=LDR  01205cam a22002411  4500
=001  22303
=005  20251001162315.0
=008  241021s1961\\\\||||||||\||||\00|\0\ger\d
=041  \\$ager
=100  \\$aRichter, Lukas$d1923-2000$1http://www.wikidata.org/entity/Q1876951$927763
=245  10$aZur Wissenschaftslehre von der Musik bei Platon und Aristoteles
=260  \\$aBerlin$bAkademie-Verlag$c1961
=300  \\$axi, 202 pages$c24 cm.
=490  0\$aDeutsche Akademie der Wissenschaften zu Berlin. Schriften der Sektion für Altertumswissenschaft$v23
=504  \\$aBibliographical footnotes.
=600  \0$aAristoteles$d384-322 BC$1http://www.wikidata.org/entity/Q868$94906
=600  \0$aPlato$d428/427-348/347 BC $1http://www.wikidata.org/entity/Q859$913315
=648  \0$aClassical Antiquity (8th Century BC-6th Century AD)$1http://www.wikidata.org/entity/Q486761$921435
=650  \0$aMusic theory$1http://www.wikidata.org/entity/Q193544$92662
=650  \0$aMusic philosophy and aesthetics$1http://www.wikidata.org/entity/Q2092865$921165
=942  \\$cBOO
=952  \\$00$10$2ddc$40$6AES_RICH$70$8AES$923680$aORPH$bORPH$cKM12_1$d2024-10-21$l0$oAES RICH$p20143876$r2024-10-21 10:36:53$w2024-10-21$yBOO
=999  \\$d22303

