=LDR  00886nam a22002297ib4500
=001  22304
=005  20250120120018.0
=008  990202s1970\\\\\\\||||||\\\\|||||\|eng|c
=020  \\$a0710067593
=041  \7$aeng
=100  \\$aFurley, David J.$4edt$927765
=245  07$aThe beginnings of philosophy
=260  \\$aLondon $bRoutledge and Kegan Paul$aNew York$bHumanity Press$c1970
=300  \\$ax, 429 pages
=490  \\$aStudies in Presocratic Philosophy$vVol.1
=648  \0$aClassical Antiquity (8th Century BC-6th Century AD)$1http://www.wikidata.org/entity/Q486761$921435
=650  \0$aPhilosophy$1http://www.wikidata.org/entity/Q5891$92357
=700  \\$aAllen, R. E. $4edt$927766
=942  \\$cBOO
=952  \\$00$10$2ddc$40$6PHI_FURL_A$70$8PHI$923681$aORPH$bORPH$cKM12_3_2$d2024-10-21$l0$oPHI FURL a$p20143880$r2024-10-21 11:18:07$w2024-10-21$yBOO
=981  \1$6z01$ai $bxxxe  
=999  \\$d22304

