=LDR  00847nam a22002057ib4500
=001  22305
=008  990215s1975\\\\xxk||||||\\\\|||||\|eng|c
=041  \7$aeng
=100  \\$aFurley, David J.$4edt$927765
=245  07$aThe eleatics and pluralists
=260  \\$aLondon$bRoutledge & Kegan Paul,$c1975
=300  \\$aviii, 440 pages
=490  \\$aStudies in Presocratic Philosophy$vvol. 2
=648  \0$aClassical Antiquity (8th Century BC-6th Century AD)$1http://www.wikidata.org/entity/Q486761$921435
=650  \0$aPhilosophy$1http://www.wikidata.org/entity/Q5891$92357
=700  \\$aAllen, R. E. $4edt$927766
=773  0\$wIT\ICCU\PUV\0402087$tStudies in presocratic philosophy$g2
=942  \\$cBOO
=952  \\$00$10$2ddc$40$6PHI_FURL_A$70$8PHI$923682$aORPH$bORPH$cKM12_3_2$d2024-10-21$l0$oPHI FURL a$p20143881$r2024-10-21 11:21:05$w2024-10-21$yBOO
=999  \\$d22305

