=LDR  01678nam a2200313 a 4500
=001  22306
=005  20251008124553.0
=008  770101m19551958fr\\\\\|r\\\\|000\|dfre|d
=041  \\$afre$hPersian
=100  \\$aAvicenna$d980-1037$1http://www.wikidata.org/entity/Q8011$4aut$927767
=245  13$aLe livre de science$b1. Logique, metaphysique - 2. Physique, mathematiques
=260  \\$aParis$bBelles Lettres$c1955; 1958
=300  \\$a2 vols. (241+276 pages)
=490  0\$aTraductions de textes persans
=490  0\$aCollection UNESCO d'oeuvres représentatives. Série persane
=500  \\$aAvicenna was a Persian physician, natural scientist, philosopher, poet, jurist or faqīh, mathematician, astronomer, alchemist, music theorist and politician
=648  \0$aMiddle Ages (500-1400)$1http://www.wikidata.org/entity/Q12554$920964
=650  \0$aPhilosophy$1http://www.wikidata.org/entity/Q5891$92357
=650  \0$aLogic$1http://www.wikidata.org/entity/Q8078$922062
=650  \0$aMathematics$1http://www.wikidata.org/entity/Q395$922612
=650  \0$aPhysics$1http://www.wikidata.org/entity/Q413$927770
=650  \0$aAstronomy$1http://www.wikidata.org/entity/Q333$924195
=651  \0$aPersian Empire$1http://www.wikidata.org/entity/Q83311$923635
=700  \\$aAchena, Mohammad $4trl$927768
=700  \\$aMassé, Henry$4trl$927769
=942  \\$cBOO
=952  \\$00$10$2ddc$3vol.1$40$6PHI_AVIC_A$70$8PHI$923683$aORPH$bORPH$cKM12_3_2$d2024-10-21$l0$oPHI AVIC a$p20143882$r2024-10-21 12:15:47$w2024-10-21$yBOO
=952  \\$00$10$2ddc$3vol.2$40$6PHI_AVIC_A$70$8PHI$923684$aORPH$bORPH$cKM12_3_2$d2024-10-21$l0$oPHI AVIC a$p20143883$r2024-10-21 12:26:02$w2024-10-21$yBOO
=999  \\$d22306

