=LDR  01410nam a2200313 cb4500
=001  22307
=008  921030s1962\\\\\\\\\\\\\||||\00|||\mul\d
=041  0\$aeng$agre
=084  \\$aCD 2054$0(DE-625)17758:11603$2rvk
=084  \\$aFH 33103$0(DE-625)31247:$2rvk
=084  \\$aFH 33109$0(DE-625)31251:$2rvk
=084  \\$aFH 33117$0(DE-625)31260:$2rvk
=084  \\$aNH 1642$0(DE-625)125477:240$2rvk
=084  \\$a5,1$2ssgn
=100  \\$aAristoteles$d384-322 BC$1http://www.wikidata.org/entity/Q868$94906
=245  10$aThe categories - On Interpretation - Prior analytics
=260  \\$aCambridge Mass.$aLondon$bHarvard UP$bHeinemann $c1962
=264  \1$aLondon$bHeinemann [u.a.]$c1962
=300  \\$avii, 541 pages
=490  1\$aThe Loeb classical library$v325
=500  \\$aText griech. und engl. - Enth. außerdem: On interpretation. Prior analytics. - Spätere Ausg. u.d.T.: Aristoteles: Aristotle.
=561  \\$aEx libris Dralams Emmanuel, Antwerpen (manuscript)
=648  \0$aClassical Antiquity (8th Century BC-6th Century AD)$1http://www.wikidata.org/entity/Q486761$921435
=650  \0$aPhilosophy$1http://www.wikidata.org/entity/Q5891$92357
=700  1\$aCook, Harold P.$4trl
=700  \\$aTredennick, Hugh$4trl$927771
=942  \\$cBOO
=952  \\$00$10$2ddc$40$6PHI_ARIS_A$70$8PHI$923685$aORPH$bORPH$cKM12_3_2$d2024-10-21$l0$oPHI ARIS a$p20143884$r2024-10-21 12:45:14$w2024-10-21$yBOO
=999  \\$d22307

