=LDR  00872cam a22002051  4500
=001  22308
=008  730214s1972\\\\fr\\\\\||\\\\|000\||fre||
=041  \\$afre
=100  \\$aGoyard-Fabre, Simone$d1927-2019$1http://www.wikidata.org/entity/Q3484569$927773
=245  13$aLa philosophie des Lumières en France 
=260  \\$aParis$bKlincksieck$c1972
=300  \\$a322 pages
=504  \\$aBibliography: p. [317]-322.
=648  \0$a18th Century (1701-1800)$1http://www.wikidata.org/entity/Q7015$920899
=650  \0$aEnlightenment$1http://www.wikidata.org/entity/Q12539$94532
=650  \0$aPhilosophy$1http://www.wikidata.org/entity/Q5891$92357
=651  \0$aFrance$1http://www.wikidata.org/entity/Q142$9131
=942  \\$cBOO
=952  \\$00$10$2ddc$40$6PHI_GOYA_A$70$8PHI$923689$aORPH$bORPH$cKM12_3_2$d2024-10-21$l0$oPHI GOYA a$p20143885$r2024-10-21 15:50:08$w2024-10-21$yBOO
=999  \\$d22308

