=LDR  00993nam a22002177i 4500
=001  22309
=008  991119s1975\\\\fr\||||||\\\\|||||\|fre|c
=041  \7$afre
=100  1\$aMorin, Robert$4aut
=245  14$aLes Pensées philosophiques de Diderot $cdevant leurs principaux contradicteurs au XVIIIe siecle
=260  \\$aParis$bBelles Lettres$c1975
=300  \\$a160 pages
=490  \\$aAnnales Littéraires de l'Université de Besançon$v171
=600  \0$aDiderot, Denis$d1713-1784$1http://www.wikidata.org/entity/Q448$914909
=648  \0$a18th Century (1701-1800)$1http://www.wikidata.org/entity/Q7015$920899
=650  \0$aPhilosophy$1http://www.wikidata.org/entity/Q5891$92357
=650  \0$aEnlightenment$1http://www.wikidata.org/entity/Q12539$94532
=651  \0$aFrance$1http://www.wikidata.org/entity/Q142$9131
=942  \\$cBOO
=952  \\$00$10$2ddc$40$6PHI_DIDE_B_MORI$70$8BIO$923688$aORPH$bORPH$cKTS1_P$d2024-10-21$l0$oPHI DIDE b MORI$p20143886$r2024-10-21 15:38:01$w2024-10-21$yBOO
=999  \\$d22309

