=LDR  02462nam a2200553 c 4500
=001  22310
=003  DE-604
=005  20241021125926.0
=007  t
=008  001025s1975\\\\\\\\\\\\\||||\00|||\eng\d
=020  \\$a0631154507
=035  \\$a(OCoLC)3090496
=035  \\$a(DE-599)BVBBV013403164
=040  \\$aDE-604$bger$erakwb
=041  1\$aeng$hger
=049  \\$aDE-19$aDE-188
=050  \0$aPA3079
=082  0\$a880/.9/001
=084  \\$aFE 3210$0(DE-625)30281:$2rvk
=100  1\$aFraenkel, Hermann$d1888-1977$eVerfasser$0(DE-588)119051478$4aut
=240  10$aDichtung und Philosophie des frühen Griechentums
=245  10$aEarly Greek poetry and philosophy$ba history of Greek epic, lyric, and prose to the middle of the fifth century$cHermann Fränkel
=264  \1$aOxford$bBlackwell$c1975
=300  \\$aXII, 555 S.
=336  \\$aText$btxt$2rdacontent
=337  \\$aohne Hilfsmittel zu benutzen$bn$2rdamedia
=338  \\$aBand$bnc$2rdacarrier
=648  \7$aGeschichte 800 v. Chr.-500 v. Chr.$2gnd$9rswk-swf
=648  \7$aGeschichte 800 v. Chr.-400 v. Chr.$2gnd$9rswk-swf
=648  \7$aGeschichte 750 v. Chr.-450 v. Chr.$2gnd$9rswk-swf
=648  \7$aGeschichte 850 v. Chr.-450 v. Chr.$2gnd$9rswk-swf
=648  \7$aGeschichte 500 v. Chr.-100 v. Chr.$2gnd$9rswk-swf
=648  \7$aGeschichte 750 v. Chr.-440 v. Chr.$2gnd$9rswk-swf
=650  \4$aEpic poetry, Greek$xHistory and criticism
=650  \4$aGreek literature$xHistory and criticism
=650  \4$aPhilosophy, Ancient, in literature
=650  07$aGriechisch$0(DE-588)4113791-7$2gnd$9rswk-swf
=650  07$aLiteratur$0(DE-588)4035964-5$2gnd$9rswk-swf
=650  07$aPhilosophie$0(DE-588)4045791-6$2gnd$9rswk-swf
=651  \7$aGriechenland$gAltertum$0(DE-588)4093976-5$2gnd$9rswk-swf
=883  1\$81\p$acgwrk$d20201028$qDE-101$uhttps://d-nb.info/provenance/plan#cgwrk
=883  1\$82\p$acgwrk$d20201028$qDE-101$uhttps://d-nb.info/provenance/plan#cgwrk
=883  1\$83\p$acgwrk$d20201028$qDE-101$uhttps://d-nb.info/provenance/plan#cgwrk
=883  1\$84\p$acgwrk$d20201028$qDE-101$uhttps://d-nb.info/provenance/plan#cgwrk
=883  1\$85\p$acgwrk$d20201028$qDE-101$uhttps://d-nb.info/provenance/plan#cgwrk
=883  1\$86\p$acgwrk$d20201028$qDE-101$uhttps://d-nb.info/provenance/plan#cgwrk
=942  \\$cBOO
=952  \\$00$10$2ddc$40$6LIT_FRAN_B$70$8LIT$923687$aORPH$bORPH$cKM12_2_H$d2024-10-21$l0$oLIT FRAN b$p20143887$r2024-10-21 15:30:42$w2024-10-21$yBOO
=999  \\$d22310

