=LDR  01076cam a22002411i 4500
=001  22311
=005  20251001162235.0
=008  780412s1974\\\\\\\\\\\\\m\\\\000\0\ger\\
=041  \\$ager
=100  \\$aSchöndorf, Hildegard$927772
=245  10$aPlotins Umformung der platonischen Lehre vom Schönen
=260  \\$aBonn$bHabelt$c1974
=300  \\$a112 pages
=490  0\$aHabelts Dissertationsdrucke : Reihe Klassische Philologie$v18
=500  \\$aOriginally presented as the author's thesis, Heidelberg.
=504  \\$aBibliography: p. 105-112.
=600  \0$aPlato$d428/427-348/347 BC $1http://www.wikidata.org/entity/Q859$913315
=600  \0$aPlotinus$d203-270$1http://www.wikidata.org/entity/Q134189$924310
=648  \0$aClassical Antiquity (8th Century BC-6th Century AD)$1http://www.wikidata.org/entity/Q486761$921435
=650  \0$aAesthetics$1http://www.wikidata.org/entity/Q35986$921494
=942  \\$cBOO
=952  \\$00$10$2ddc$40$6PHI_PLOT_B_SCHO$70$8PHI$923686$aORPH$bORPH$cKM12_3_2$d2024-10-21$l0$oPHI PLOT b SCHO$p20143888$r2024-10-21 15:02:12$w2024-10-21$yBOO
=999  \\$d22311

