=LDR  02712nam a22002657a 4500
=001  22312
=008  241022s1877\\\\||||||||\||||\00|\0\mul\d
=041  \\$agre$aeng
=100  \\$aAristoteles$d384-322 BC$1http://www.wikidata.org/entity/Q868$94906
=245  \\$aThe Rhetoric of Aristotle,$bwith an commentary by the late Edward Meredith Cope ... revised and edited for the syndics of the University press by John Edwin Sandys
=260  \\$aCambridge$bCambridge University Press$c1877
=300  \\$a3 vols. (xx-302+[viii]-340+]viii]-270 pages)
=520  \\$aEdward Meredith Cope was an English scholar of classics who served as Fellow and Tutor at Trinity College, Cambridge. One of the leading Greek specialists of his time, Cope published An Introduction to Aristotle's Rhetoric in 1867. Though now considered a 'standard work', that Introduction was intended as merely the first part of a full critical edition of the Rhetoric, which was left incomplete on Cope's death in 1873. Cope's manuscripts were collected and edited by John Edwin Sandys, and published in this three-volume set in 1877. Cope's analysis represented an important advance in the modern interpretation of this foundational text on the art of persuasion. Volume 1 contains the Greek text of Book 1 together with a commentary on Aristotle's introduction to his topic and his definition of rhetoric and its subdivisions. Volume 2 contains the Greek text of Book 2 together with a commentary on Aristotle's views concerning the place of emotion and logic within the discipline. Volume 3 contains the Greek text of Book 3 together with a commentary on Aristotle's understanding of style, arrangement and other rhetorical devices. 
=648  \0$aClassical Antiquity (8th Century BC-6th Century AD)$1http://www.wikidata.org/entity/Q486761$921435
=650  \0$aRhetoric$1http://www.wikidata.org/entity/Q81009$93894
=650  \0$aMethod$1http://www.wikidata.org/entity/Q2250960$921402
=700  \\$aSandys, John Edwin$d1844-1922$4edt$927775
=700  \\$aEdward Meredith, Cope$d1818-1873$4trc$4aut$927774
=856  \\$uhttps://archive.org/details/therhetoricofari01arisuoft$3vol.1
=856  \\$uhttps://books.google.be/books?id=cqc-AQAAMAAJ$3vol.3
=942  \\$cBOO
=952  \\$00$10$2ddc$3vol.1$40$6PHI_ARIS_A$70$8PHI$923690$aORPH$bORPH$cKM12_3_2$d2024-10-22$l0$oPHI ARIS a$p20143889$r2024-10-22 15:32:01$w2024-10-22$yBOO
=952  \\$00$10$2ddc$3Vol.2$40$6PHI_ARIS_A$70$8PHI$923691$aORPH$bORPH$cKM12_3_2$d2024-10-22$l0$oPHI ARIS a$p20143890$r2024-10-22 15:32:20$w2024-10-22$yBOO
=952  \\$00$10$2ddc$3Vol.3$40$6PHI_ARIS_A$70$8PHI$923692$aORPH$bORPH$cKM12_3_2$d2024-10-22$l0$oPHI ARIS a$p20143891$r2024-10-22 15:32:35$w2024-10-22$yBOO
=999  \\$d22312

